2480 4528
68 360 147 406 otene
162 358 205 406 ιιι.
456 361 459 368 ·
549 358 551 363 ’
742 371 745 378 ·
940 338 999 404 unt

64 488 200 576 attempt,
223 487 318 568 eujus
347 486 480 580 generis
508 487 611 558 verba
630 486 674 556 'ln
695 461 844 567 sebrmdo
865 487 998 560 saoristo

64 584 113 650 nim
129 599 266 656 neutram
289 587 414 658 habere
435 585 554 658 solent.
578 649 583 661 ,
778 667 781 678 ,

106 691 185 756 ult.
209 685 380 756 Articulus
400 689 431 766 ἑ,
452 685 509 775 qui
531 708 551 753 a
571 682 741 754 nonnullis
764 684 902 758 testibus
925 709 998 758 ooo.

58 793 105 848 utr.
123 781 189 850 lam.
209 785 273 865 (nx
287 789 327 852 33
350 782 392 857 al.
413 786 510 872 Copt.
526 781 624 874 Vulg.
639 782 703 864 It)
725 784 838 872 abest,
860 789 995 875 vereor,

56 900 88 944 ne
105 900 140 946 ex
159 880 276 952 Matth.
299 886 330 969 t,
351 892 387 951 11
411 881 523 951 illatus
546 881 608 968 sit,
637 903 714 956 oum
736 906 821 953 unus
844 904 862 952 e
882 884 999 973 Mosq.

55 989 79 1042 ot
91 977 295 1067 Hieronymus
317 982 421 1051 etiam
441 979 576 1068 propius
591 974 698 1060 nujus
714 979 842 1071 Evang.
857 984 999 1074 vestigia

53 1077 223 1166 presserint,
249 1082 266 1150 ὅ
291 1085 317 1149 ἐν
342 1084 404 1156 τοῖς
429 1079 544 1178 dpouie
571 1072 793 1170 exhibentes„
826 1070 956 1148 Pariter
979 1100 1000 1148 a
1133 1111 1137 1118 ·

50 1171 109 1244 odd.
128 1198 202 1244 mox
224 1178 330 1246 verba
350 1176 503 1246 Matthaei
530 1176 611 1244 dbleo
634 1175 751 1260 &podet
775 1174 868 1245 vario
895 1173 996 1244 modo

49 1271 75 1336 in
94 1273 204 1344 Luoam
228 1273 390 1344 translata
411 1287 498 1344 sunt.
1089 1303 1091 1308 ·

96 1394 121 1443 v.
137 1379 181 1440 st.
204 1365 239 1446 lo
253 1373 338 1442 absit
353 1371 551 1441 auctoritate
567 1369 607 1462 el.
617 1392 689 1443 ooo.
713 1370 997 1463 NamqueMattb.

46 1469 69 1552 6,
80 1477 113 1536 22
125 1493 173 1560 sq.
187 1471 231 1540 ad
246 1470 434 1561 augendum
443 1519 454 1558 ,
474 1469 692 1539 minuendum
707 1482 740 1539 et
753 1469 997 1545 immutandum

44 1587 211 1638 sermonem
232 1571 326 1640 Lucae
353 1571 443 1638 varie
466 1567 631 1638 adhibitus
654 1582 723 1636 est:
739 1570 805 1638 ιιιιί
827 1580 905 1637 ante
928 1562 996 1640 ino
1098 1591 1100 1594 ·

45 1663 255 1754 omittebatur,
284 1674 349 1746 ὄςιι
373 1668 405 1734 in
430 1658 505 1746 ἕςιιι
530 1666 738 1754 mutabatur,
764 1659 833 1737 ἕλοι
858 1677 935 1735 aute
960 1663 997 1738 eo*

44 1765 115 1848 ιὸμιί
126 1795 161 1836 ee
176 1761 312 1839 conluvie
334 1777 368 1832 et
387 1778 506 1855 postea
526 1755 600 1839 ἴςιιι
622 1761 816 1849 addebatur,
837 1775 870 1832 et
890 1764 925 1834 in
944 1762 998 1833 lo-

44 1880 104 1926 tum
122 1875 324 1932 commatum
338 1866 386 1930 35.
402 1865 442 1932 36
462 1866 485 1930 el
501 1853 535 1932 tlt
551 1859 588 1932 τδ
603 1864 659 1950 pile
674 1858 711 1932 nd
727 1867 752 1932 lt
770 1859 815 1932 nol
830 1860 946 1939 exile,
960 1859 998 1932 ad

44 1959 120 2037 nilne
140 1963 234 2035 nicer
261 1961 533 2032 substituebatur.
576 1958 653 2052 Qua
679 1960 808 2028 ratione
830 1959 997 2048 addnoor,
1034 1999 1036 2003 v

44 2067 67 2120 rt
80 2059 116 2125 ab
131 2060 250 2133 eadem
265 2059 373 2130 olasse
397 2059 531 2128 testium
551 2086 588 2126 ea
605 2069 682 2126 ante
698 2052 783 2136 lton,
804 2047 996 2148 duod-Mat-

43 2149 94 2221 ¹hei
115 2179 218 2227 eausa
241 2157 341 2249 vulgo
365 2155 544 2244 omittitur,
565 2168 657 2228 reete
679 2155 778 2238 adjiei
799 2177 966 2230 censeam.

82 2293 113 2343 v.
128 2273 179 2344 36.
210 2273 262 2342 Ob
285 2294 421 2362 pravam
438 2265 743 2360 'interpunctionem
758 2269 922 2340 sententia
936 2281 995 2338 ant

46 2365 107 2436 nlla
128 2384 188 2438 aut
210 2372 333 2440 misera
354 2369 428 2438 elici
451 2382 574 2458 potest.
615 2368 704 2437 Nam
726 2369 805 2461 quid
825 2367 942 2442 istudu
965 2369 995 2438 si

47 2487 139 2554 orpus
157 2481 270 2538 totum
286 2466 434 2536 lucidum
449 2466 559 2555 fuerit,
573 2465 607 2534 id
621 2467 693 2535 fore
708 2463 854 2536 lucidum
869 2479 993 2545 notum

47 2587 52 2628 ;
70 2587 237 2654 quorsum
258 2569 322 2636 ista
343 2565 503 2648 adjectio:
525 2589 594 2658 non
615 2565 904 2657 habensaliquam
917 2590 994 2656 par-

50 2686 81 2731 m
109 2669 352 2740 tenebrosam?
384 2666 458 2734 Imo
484 2660 555 2738 ἕλοι
572 2677 606 2733 et
622 2669 713 2765 pulpae
732 2677 770 2732 ut
790 2663 920 2752 verbis,
947 2663 995 2732 ita

76 2765 211 2854 opponi
240 2778 419 2853 oporteret.
462 2763 575 2856 Quare
603 2785 673 2832 non
701 2761 823 2851 miror,
851 2760 994 2832 ablat.
1049 2785 1053 2788 ·
1113 2833 1116 2844 ,

57 2866 99 2932 36
123 2877 166 2931 ut
189 2863 354 2934 insulsum
376 2862 555 2948 omissum,
575 2873 611 2930 et
621 2859 776 2931 laonnam
792 2883 810 2928 e
824 2858 946 2929 Mattb.
962 2861 994 2948 6,

44 3046 46 3050 Ι
70 2961 253 3049 expletam
273 2960 388 3030 fuisse.
429 2959 504 3029 Sine
526 2958 596 3028 ulle
618 2960 821 3047 mutatione,
849 2956 923 3027 sola
942 2957 994 3024 in·

54 3059 253 3146 punctione
281 3056 475 3141 emendata,
504 3069 542 3127 ut
563 3056 763 3144 jampridem
783 3051 993 3144 proponeba-

54 3181 75 3242 ·,
108 3156 229 3224 oratio
258 3168 349 3224 reote
376 3143 421 3223 ita
442 3175 480 3223 se
501 3153 650 3224 habebit:
680 3157 702 3222 el
727 3146 759 3225 ἔν
784 3151 821 3223 τὲ
844 3152 934 3240 eliud
956 3179 994 3221 ne

53 3285 84 3335 r,
116 3251 251 3338 ooluob
271 3252 316 3342 pul
335 3245 405 3344 dycta
422 3283 453 3324 τι
471 3261 574 3354 pulpae,
599 3248 750 3327 caelandi,
773 3240 846 3328 lesi
871 3245 992 3332 belundo

56 3383 68 3416 ι
85 3384 121 3420 κ.
140 3387 181 3424 τ.
198 3371 231 3420 λ.
248 3364 353 3420 totum
369 3374 491 3442 eorpus
509 3353 708 3435 obscurum,
727 3345 815 3438 quod
830 3341 994 3436 particula

56 3449 117 3519 ida
154 3462 292 3536 eareat,
318 3448 473 3540 idemque
501 3461 608 3518 toturn
630 3445 829 3532 illustratur,
858 3441 992 3533 quando

43 3550 100 3620 pisi
128 3547 253 3615 lumen
274 3545 446 3638 fulgurans
465 3561 497 3615 te
512 3545 665 3616 illustret
702 3542 868 3612 Nimirum
881 3541 994 3609 Evan-

46 3660 128 3716 usta
146 3643 444 3718 demonstraturus
460 3657 531 3734 est,
549 3644 661 3712 lumen
675 3639 861 3727 internum,
877 3661 994 3728 quam-

69 3766 139 3810 res
166 3765 273 3830 parva
294 3763 368 3811 esse
390 3741 553 3830 videatur,
576 3755 685 3809 tamen
707 3740 813 3808 instar
828 3735 918 3806 oculi
932 3757 994 3804 seu

43 3843 161 3910 ‘fernae
188 3839 349 3909 radiantis
372 3840 634 3910 efficacissimum
656 3860 730 3908 esse
751 3848 785 3906 et
806 3847 911 3903 totum
931 3830 994 3901 ho-

43 3941 134 4029 fsem
158 3949 226 4006 'aut
246 3935 429 4026 illustrare,
457 3949 614 4009 autenm
636 3937 739 4027 absit,
766 3933 908 4002 eundem
930 3952 995 4000 oae-

43 4028 64 4080 t
106 4035 324 4126 relinquere.
375 4036 587 4128 Quapropter
616 4055 716 4124 eave,
745 4031 871 4123 inquit,
902 4029 993 4101 illam

43 4153 63 4190 le
