2474 4528
74 349 168 402 creor
186 347 264 400 vm.
305 337 314 344 “
903 333 909 350 “
983 301 1047 400 233

74 493 156 552 sunt:
181 477 238 552 dea*
261 476 344 569 tier.
367 481 562 570 vesamae,
589 499 658 573 quo
679 479 786 575 magis
808 481 903 576 origo
925 501 1043 554 comu-

73 577 155 666 ptele
172 589 314 667 pateret
348 579 509 666 Accedit,
530 579 621 670 quod
634 572 795 680 ἄνθρωπος’
807 601 877 664 non
890 580 1042 672 haberet,

72 675 150 746 unde
163 674 334 767 penderet,
348 678 377 748 si
390 681 455 768 εἰμι’
466 677 510 747 ad
525 679 628 748 verba
642 678 701 752 dael
714 676 827 769 ἰξυσίαν
843 678 1045 771 pertineret3

75 797 166 865 quarn
185 795 257 843 rem
271 797 341 845 non
354 777 465 846 minus
480 799 582 869 qnam
596 777 806 848 locutionem
819 775 889 850 ιῖναι
903 776 962 850 eet
975 779 1044 870 tgn-

70 873 130 944 elu
158 871 339 944 admiratus
372 887 426 944 est
456 873 664 946 Fritzschius
697 875 733 944 in
754 877 888 951 Matth.
914 895 949 962 Ρ.
969 883 1043 950 313.

71 970 236 1040 Sententiae
257 991 360 1062 porro
375 971 543 1062 elegantia
557 972 775 1044 omissionem
788 974 925 1058 suadett
947 997 1045 1046 nam·

70 1089 130 1160 que
156 1069 394 1152 conjunctione
422 1067 475 1140 ml
500 1072 564 1172 sip
592 1070 797 1142 centurionis
824 1084 936 1162 partes
963 1094 1042 1142 cum

68 1179 226 1258 potestate
243 1167 327 1237 Jesu
348 1181 596 1256 comparantur,
617 1190 728 1260 neque
749 1189 835 1239 vero
857 1169 1041 1261 quidquam

68 1267 165 1336 refert
184 1266 316 1360 dicere,
337 1266 446 1356 ipsum
461 1264 573 1336 aliena
588 1269 748 1358 potestati
761 1268 932 1339 subditum
945 1289 1045 1359 esse;

70 1363 127 1436 sed
146 1363 429 1456 quemadmodum
447 1365 520 1454 ipse
544 1367 697 1436 oratione
715 1389 788 1440 rem
806 1366 970 1456 perticere
985 1388 1042 1437 so-

66 1465 149 1552 lent,
177 1465 224 1534 ita
244 1463 363 1534 lesum
387 1462 506 1532 eadem
526 1463 575 1532 uti
593 1464 700 1544 jubet.
743 1465 797 1534 Ne
818 1475 885 1536 v.tt
905 1464 1042 1556 quidem

67 1563 166 1632 verba
184 1565 287 1640 ὀπαῖς
302 1591 365 1651 μυ,
385 1584 457 1653 quae
476 1563 512 1632 in
527 1561 658 1632 dnobus
672 1561 766 1633 libris
783 1572 813 1640 1.
829 1571 888 1633 118
909 1562 1044 1635 deside-

65 1673 195 1750 rantur,
225 1674 260 1730 et
278 1659 377 1731 facile
400 1681 418 1730 c
439 1661 531 1730 Luca
559 1657 818 1751 supplebantur,
846 1661 1040 1751 suspicione
1120 1703 1123 1712 ·

65 1771 196 1831 vacant.
238 1757 318 1828 Non
347 1771 459 1830 tamen
486 1756 574 1848 hac,
602 1757 664 1828 sed
680 1756 747 1828 illa
767 1781 789 1830 a
808 1771 906 1832 textu
924 1759 1043 1850 probi·
1137 1799 1139 1806 ·

64 1851 172 1928 benda
191 1858 392 1929 censuerim.

127 1979 159 2029 v.
176 1966 226 2030 13.
257 1957 335 2033 adl&
364 1967 523 2046 tanquam
548 1953 702 2026 scholion
731 1957 926 2028 auctoribus
951 1962 1041 2049 Syro
1111 2009 1115 2024 ,

59 2057 167 2143 dien,
186 2057 261 2128 intt
280 2054 395 2128 latinis
416 2068 451 2126 et
472 2057 578 2146 Copto
600 2053 738 2126 accdd.
759 2077 812 2148 gr.
832 2077 852 2124 e
875 2063 904 2126 1.
926 2064 978 2133 22.
998 2062 1040 2127 33

59 2165 124 2226 ets
143 2156 306 2238 ejiciatur.
1032 2187 1040 2214 ι

119 2277 153 2328 ν.
172 2259 220 2322 15.
250 2252 390 2343 Vereor,
413 2265 450 2322 nt
467 2253 598 2326 Griesb.
612 2253 647 2322 in
662 2253 793 2328 Comm.
807 2275 856 2329 cr.
870 2276 903 2344 p.
914 2255 957 2326 st
971 2252 1039 2323 ori-

56 2354 175 2446 ginem
195 2351 377 2421 lectionum
398 2353 599 2423 variantium
612 2352 694 2439 stilti
707 2353 761 2431 (in
775 2352 820 2424 cl.
832 2374 880 2420 or.
896 2368 931 2422 et
944 2363 1039 2441 parte

55 2453 138 2520 fam.
160 2449 223 2522 alr.
242 2471 292 2518 sc
313 2451 409 2518 Arm.
431 2450 505 2535 syr.
526 2464 613 2542 post
632 2451 747 2543 Orig.)
768 2463 803 2520 et
822 2453 919 2530 arilei}
937 2451 1039 2534 (inf.

51 2549 115 2625 lat.
132 2561 166 2618 et
180 2561 275 2638 parte
289 2548 313 2624 f,
328 2548 390 2622 alr.
405 2571 425 2617 n
442 2559 470 2618 1.
486 2555 536 2624 13.
550 2554 600 2617 33.
617 2551 677 2617 tot
692 2560 727 2618 et
740 2548 783 2623 al
799 2548 927 2630 Sahid.)
944 2559 1039 2618 recte

54 2645 257 2737 explicarit,
283 2657 322 2716 ut
341 2646 371 2716 si
391 2645 536 2718 librariis
562 2644 699 2736 pluralis
723 2649 840 2726 adicit,
865 2647 984 2738 previa
1005 2657 1039 2720 et

56 2758 228 2836 sequente
255 2743 425 2814 mentione
454 2743 495 2824 de
523 2767 590 2814 uno
618 2744 721 2831 Jesn,
748 2745 896 2817 insoleus
926 2745 1039 2833 visus,

52 2843 213 2934 adeoque
233 2841 268 2911 in
288 2843 369 2932 adt&
389 2855 568 2932 corruptus
589 2842 644 2918 sit.
679 2843 820 2937 Quidni
836 2843 923 2914 enirn
937 2842 1040 2914 iidem

49 2941 186 3010 librarii
205 2939 240 3012 in
260 2938 344 3012 locis
369 2957 440 3032 par.
456 2939 565 3011 Marc.
581 2950 611 3029 1,
627 2946 665 3010 31
690 2942 770 3017 Luc.
785 2941 820 3030 l,
831 2950 884 3030 at,
905 2941 961 3012 ubi
983 2963 1039 3012 ea-

48 3041 136 3110 dem
169 3039 307 3108 occasio
340 3038 473 3108 errandi
506 3039 708 3128 obvenerat,
737 3037 829 3106 idem
859 3051 1040 3129 peccatum

46 3138 321 3228 commiserunt,
350 3159 410 3208 cur
437 3135 483 3205 ibi
506 3148 699 3216 constanter
719 3137 837 3209 3311300
860 3131 958 3214 cellola
979 3133 1038 3210 de-

45 3237 292 3328 seripseruntt
321 3236 537 3330 Quapropter
552 3233 622 3302 hac
639 3235 713 3324 ipsa
727 3232 823 3321 loca,
843 3246 881 3303 ut
894 3253 1038 3304 sexcena

42 3338 116 3406 ties
147 3335 253 3422 alibi,
284 3334 327 3403 ad
352 3331 575 3421 corruptelam
603 3329 775 3422 impulisse
804 3354 881 3401 cum
909 3329 1038 3420 Millio,

42 3433 221 3526 Bengelio
242 3445 277 3502 et
291 3431 484 3502 Wetstenio
506 3429 661 3518 arbitror,
683 3440 717 3497 et
735 3428 818 3517 adl&
833 3450 948 3501 veram
961 3449 1037 3502 esse

40 3534 263 3624 scripturam
278 3529 408 3619 judico,
430 3551 531 3622 quam
553 3551 573 3600 a
595 3526 753 3598 Scholzio
776 3540 947 3617 receptam
961 3547 1050 3602 esse.

31 3634 122 3716 jam
143 3630 260 3704 video.

116 3753 156 3798 v.
182 3737 234 3798 32.
270 3733 306 3807 ἀς
329 3725 382 3802 mlv
406 3729 521 3812 dolam
545 3719 607 3798 seir*
626 3726 734 3824 χοίρων
762 3722 864 3794 velim
890 3724 1035 3798 retineas

35 3827 260 3898 auctoritate
275 3825 318 3898 cl.
331 3847 381 3904 or.
395 3838 429 3894 et
442 3820 631 3916 interpretis
644 3820 747 3891 Gothi
758 3819 1035 3909 apudZahnium,

33 3949 131 3996 cum
153 3926 328 4015 scriptura
347 3947 368 4000 a
388 3923 524 3999 Griesb.
542 3933 679 4011 recepta
700 3923 736 3998 de
753 3916 807 3996 ede
821 3919 925 4018 χοίρως
946 3937 965 3984 0
985 3913 1036 3984 lua

32 4024 92 4104 cia
118 4023 381 4118 parentets,
398 4030 437 4098 13
463 4023 546 4102 Luc.
560 4025 649 4110 mss
670 4015 846 4110 irrepsisse
871 4012 1035 4092 videatur.
1134 4045 1141 4052 ·
