2474 4528
196 299 257 364 2t8
833 382 838 388 .
863 308 910 357 an
925 306 981 356 ur.
998 307 1177 358 mamaeae

195 444 430 518 wentenum
446 456 481 514 et
492 439 721 514 Fritzschium
744 439 777 506 in
788 434 917 508 Manu
931 459 964 525 p.
980 443 1022 510 96
1042 459 1178 528 persua·

196 568 295 616 suros
316 565 392 616 esse
412 544 576 630 arbitror,
603 538 704 609 codd.
725 536 821 626 illos,
843 559 895 628 gr.
917 549 1176 606 exaratoecsse

195 645 239 714 ad
268 643 374 733 iustar
398 641 676 725 translationum,
703 659 775 727 quc
793 637 828 703 iu
850 635 955 704 tribus
977 635 1178 724 synonymis

197 739 438 810 transferendis
459 739 663 808 laborarent.

625 851 664 920 c.
688 815 775 918 111(

130 973 133 984 ‘⁴
257 975 289 1022 v.
304 959 355 1021 tu.
385 949 439 1020 eal
454 961 531 1040 post
547 954 585 1019 rt
606 947 693 1017 absit
713 947 912 1016 auctoritate
933 949 975 1018 cl.
993 969 1068 1018 occ.
1118 950 1179 1017 De·

196 1053 296 1122 betur
316 1050 393 1118 loco
408 1047 571 1140 parallelo
583 1049 663 1117 Luc.
677 1052 709 1134 3,
725 1057 756 1134 9,
778 1048 836 1114 ubi
851 1047 965 1116 codex
979 1067 1002 1114 u
1021 1072 1181 1134 compen-

196 1140 345 1220 sationis
359 1149 467 1241 gratia
482 1148 535 1217 ot
546 1168 642 1236 aeque
656 1169 698 1216 ao
713 1147 748 1213 in
761 1145 922 1214 Mattbaeo
940 1146 1060 1215 omisit.
1098 1143 1182 1215 Cum

198 1271 278 1316 vero
302 1249 344 1316 ob
366 1247 443 1315 loca
464 1243 623 1334 parallela
644 1243 823 1332 sepissime
837 1257 1014 1332 peccatum
1029 1244 1094 1330 sit,
1118 1244 1182 1312 hae

197 1369 301 1415 causa
315 1343 514 1428 adjectionis
530 1339 822 1433 probabiliorem,
842 1365 944 1433 quarn
960 1365 1063 1412 causa
1081 1345 1181 1413 omis-

199 1443 322 1531 sionis,
345 1465 415 1534 quae
436 1439 658 1510 Griesbachio
680 1445 715 1508 iu
737 1441 868 1511 Gomm.
889 1461 937 1515 cr.
960 1463 991 1528 p.
1008 1443 1048 1509 21
1062 1465 1124 1533 sq.
1146 1442 1183 1510 ri·

197 1542 360 1626 debatur,
383 1540 479 1631 quasi
499 1538 625 1608 librarii
644 1541 714 1606 viru
735 1535 905 1626 particulae
929 1540 982 1609 nal
997 1563 1066 1608 non
1094 1563 1182 1612 asse·

201 1641 270 1710 cuti
291 1641 426 1707 fuerint.

260 1762 294 1813 v.
310 1745 360 1811 11.
389 1736 441 1808 aa>
456 1737 531 1835 arogi
545 1734 718 1828 ebusus,
734 1737 773 1804 16
794 1734 965 1804 invectum
979 1750 1073 1805 recte
1091 1737 1183 1830 iguo-

200 1850 294 1909 ratur
315 1835 442 1925 aspro
463 1833 551 1904 bier.
574 1846 609 1903 et
629 1832 801 1924 octogiuta
821 1835 970 1924 quinque
986 1833 1183 1924 pluribusve

201 1935 275 2006 ott
289 1958 343 2026 gr.
371 1930 574 2020 Euthymios
590 1952 727 2022 quoque
742 1935 778 2001 in
792 1932 1042 2002 Commentario
1059 1933 1183 2004 diserte

202 2032 266 2104 soli
287 2034 387 2100 Luoae
410 2031 535 2099 tribuit.
578 2031 676 2120 Nego
707 2030 821 2120 itaque
849 2031 1039 2120 antiquiora
1065 2053 1184 2102 exem-

200 2132 305 2220 plaria
332 2147 441 2224 graeea
469 2151 544 2198 esse
571 2127 754 2216 audienda,
785 2151 990 2219 quemquern
1019 2131 1131 2200 etiam
1156 2132 1185 2199 in

199 2231 261 2320 iis,
281 2253 355 2321 quae
379 2229 557 2316 omittunt,
581 2238 661 2298 sunt
681 2224 787 2296 seculi
809 2227 907 2298 VIII.
931 2228 986 2297 lX
1009 2240 1044 2296 et
1064 2229 1119 2299 X.
1156 2233 1185 2297 Α

22 2381 29 2390 .
138 2329 147 2335 ’
199 2327 430 2419 perveteribus
451 2326 663 2398 documentis
684 2323 864 2406 (Pescbito
878 2348 907 2394 e.
923 2333 974 2417 g.)
999 2327 1086 2395 item
1110 2337 1186 2396 ntt

199 2429 279 2504 αυἽὲ
296 2425 468 2516 postviler
491 2423 675 2504 omittendo
691 2437 726 2494 el
741 2439 819 2514 post
831 2428 987 2498 inebriare
1000 2427 1185 2508 rejiciendo

200 2528 309 2600 Lucae
325 2533 355 2613 3,
372 2529 409 2596 17
433 2523 694 2613 exprimebatur,
716 2524 926 2604 (Fritzschio
945 2525 980 2593 in
1003 2525 1138 2600 Matth.
1159 2549 1186 2616 p.

201 2631 261 2698 14'1
283 2624 372 2694 male
394 2627 601 2709 annuente,)
629 2621 719 2692 unde
747 2621 824 2692 alibi
846 2622 927 2700 illud
948 2625 1027 2701 adli
1048 2627 1185 2694 omnino

162 2727 164 2730 ’
200 2722 430 2792 intercidebat.
481 2718 582 2811 Quod
615 2719 812 2789 Griesb.-in
843 2722 975 2790 Comm.
1006 2743 1059 2796 cr.
1097 2747 1132 2813 p.
1153 2731 1186 2790 28

200 2821 335 2908 objicit,
364 2821 399 2898 in
422 2817 532 2886 Marci
560 2829 594 2885 et
615 2816 780 2888 lobannis
800 2817 893 2892 loeis
908 2818 1082 2909 parallelis
1108 2845 1187 2890 nou·

202 2918 268 2990 uisi
295 2916 517 3008 paucissimos
545 2914 624 2988 odd.
652 2917 784 2986 eLuca
811 2917 866 2988 καὶ
888 2917 967 3018 aopi
994 2917 1186 3003 invexisse,

202 3027 320 3088 contra
340 3015 375 3084 in
390 3013 549 3084 Mattbaeo
571 3011 823 3103 antiquissimos
846 3025 879 3084 et
894 3017 1185 3102 prestantissima

203 3113 255 3186 ml
268 3115 343 3210 nugi
354 3111 534 3199 exhibere,
554 3109 639 3204 nihil
655 3133 736 3181 sane
752 3112 849 3198 dicit,
869 3135 947 3182 curn
962 3113 1058 3182 inter
1074 3137 1185 3185 omues

105 3256 109 3264 ›
203 3225 356 3298 constet,
379 3211 455 3283 cdd.
476 3221 644 3280 vetustate
668 3223 702 3278 et
723 3210 924 3282 excellentia
945 3211 1120 3300 pollentes
1140 3212 1187 3279 ni-

144 3359 148 3364 ·
202 3307 384 3382 hilominus
404 3307 448 3382 ad
464 3307 656 3400 augendum
669 3321 869 3378 contextum
886 3309 1005 3380 elocis
1022 3334 1101 3398 par.
1116 3334 1188 3400 pro·

205 3405 308 3476 clives
333 3405 449 3482 fuisse.
492 3408 582 3476 Tum
611 3407 746 3496 dubito,
777 3429 820 3476 an
847 3408 1095 3502 Griesbachius
1123 3409 1190 3478 cui·

202 3519 304 3594 qttam
331 3525 554 3592 persuasurus
580 3504 643 3592 sit,
672 3525 718 3576 ex
739 3504 986 3596 Evangeliariis
1008 3502 1190 3578 lectionem

203 3599 468 3672 ecclesiasticam
493 3603 528 3670 in
551 3603 663 3675 verbis
684 3601 875 3692 burcinab
895 3605 972 3695 ἑγίφ
994 3605 1188 3676 finientibus

205 3698 422 3772 omissionem
444 3701 542 3770 istam
564 3715 678 3772 natam
694 3713 727 3768 et
740 3713 959 3790 propagatam
973 3723 1070 3774 ease.
1106 3703 1188 3797 Quis

203 3798 292 3869 enim
313 3819 383 3868 uon
405 3797 514 3887 videt,
536 3798 716 3872 lectionem
737 3797 923 3897 publicam,
939 3801 1021 3896 ,nisi
1043 3803 1099 3873 nal
1117 3801 1191 3896 nugi

203 3896 354 3984 spurium
382 3894 534 3970 habitum
562 3911 671 3984 esset,
697 3897 865 3968 iurerbis
883 3906 914 3966 tr
939 3899 1089 3988 wulpam
1113 3901 1186 3984 ipio

204 3993 459 4072 nou-desiisse?
485 3987 609 4086 Neque
629 3995 757 4071 felicius
779 3993 988 4070 Fritzsohbu
1013 3997 1049 4070 iu
1068 3994 1184 4069 Mattb
