2442 4528
143 327 206 396 178
779 335 1126 392 aornaootuarts

143 477 250 560 sal-d
263 467 353 551 108*.
377 428 610 575 mpddpsptroa
626 465 697 544 106.
712 471 782 540 108.
797 475 870 540 112.
880 456 900 540 1
916 487 948 546 c.
962 467 1049 560 plur.
1060 472 1134 561 ἐμ..

36 575 38 580 ’
140 582 214 682 'liga
231 576 301 650 106.
316 579 388 647 109.
413 592 448 645 ν.
464 572 504 640 15
524 598 559 641 τι
570 568 668 655 ἰσχύει
682 565 926 642 omn.c.cl.or.
953 572 1036 645 v.17
1049 572 1135 682 augis

148 683 246 752 abest
265 696 287 748 a
305 671 406 767 Vulg.
426 670 461 740 in
476 676 536 742 109
551 687 582 738 e.
597 667 676 738 iam.
693 665 754 742 afr.
790 667 902 757 lips-”r
918 670 1134 770 ’tuadi‘xw
1208 701 1209 734 i

148 785 268 854 aaut.
317 784 352 868 s

149 945 306 1093 palpetur,
326 995 418 1092 quod
439 1015 458 1066 e
478 989 636 1084 proximo
655 987 883 1091 mptllpmsaa
907 987 1015 1058 oculis
1038 987 1139 1057 aber·
1210 958 1211 1024 l

149 1102 301 1173 rantibus
317 1109 446 1182 ortum,
465 1103 505 1161 nt
517 1087 629 1182 paullo
645 1101 724 1158 ante
738 1109 767 1156 c.
780 1093 812 1177 5,
824 1090 867 1158 26
881 1085 994 1176 plures
1008 1084 1136 1156 librarii
1211 1088 1212 1120 l

150 1199 204 1270 bis
224 1198 356 1274 Maca
380 1189 641 1284 descripsemnt.
681 1182 921 1278 intelliguntur
941 1197 1055 1255 autem
1080 1181 1140 1254 ad·

151 1295 294 1371 versarii
310 1290 545 1378 judaizantes,
567 1287 626 1378 qui
648 1307 693 1356 ex
707 1283 829 1357 Judaeis
846 1282 1010 1376 baptizati
1025 1295 1141 1372 erant,
1213 1344 1214 1376 ,

152 1393 190 1469 hi
209 1413 375 1464 veronen
389 1388 413 1457 ii
428 1397 542 1475 erant,
563 1383 622 1477 qui
636 1382 977 1471 circumcidebantur,
997 1379 1060 1452 sed
1074 1381 1141 1452 cir-

154 1476 297 1563 cumcisi
318 1498 433 1577 erant,
455 1498 491 1556 et
506 1481 644 1554 Galatas
667 1481 864 1552 circumcidi
886 1479 1059 1554 volebant.
1090 1479 1141 1550 De

154 1590 269 1662 Judaeo
291 1583 492 1658 circumciso
514 1581 701 1674 perfectum
722 1579 888 1670 participii
910 1583 961 1664 (e.
976 1601 1010 1672 g.
1032 1577 1141 1655 lGor.

155 1687 290 1779 7,18),
318 1698 353 1754 et
372 1684 415 1754 de
429 1682 594 1776 homine,
619 1680 680 1773 qui
706 1677 839 1750 adultus
869 1674 1142 1767 circumciditur,

74 1771 76 1778 ¹
155 1805 306 1888 praesens
335 1786 381 1864 (e.
396 1806 430 1876 g.
453 1779 528 1852 Gal.
543 1785 582 1872 5,
598 1780 640 1862 3)
668 1777 744 1850 sine
765 1775 835 1848 ulla
853 1775 1012 1848 lectionis
1032 1777 1144 1882 varic·

159 1897 230 1957 tate
248 1895 442 1973 usurpatur.
690 1929 693 1936 .

226 1984 279 2056 15.
309 1969 357 2059 dle
381 1976 444 2082 pig
468 1978 625 2077 medopl,
653 1979 701 2050 ita
721 1989 815 2049 recte
834 1979 1036 2050 membrana
1055 1999 1075 2046 u
1093 1977 1147 2065 17,

158 2077 312 2166 nonnulli
325 2078 419 2166 inat,
439 2075 706 2162 Chrysostomus,
721 2088 756 2147 et
769 2075 907 2168 quidam
920 2088 1033 2168 patres
1047 2073 1147 2145 latini

158 2178 309 2262 breviter
327 2175 474 2266 habent,
493 2173 587 2267 quod
601 2173 736 2246 Griesb.
748 2174 905 2267 probavit
911 2223 923 2264 ,
945 2186 1148 2245 nontamen

160 2276 299 2368 recepit.
326 2275 418 2368 Quin
428 2271 581 2368 vulgare:
601 2281 628 2344 ir
643 2271 708 2375 pale
719 2277 829 2373 xpus-pi
841 2275 919 2345 ’latri
932 2265 983 2350 i'a'lr
995 2273 1150 2376 menapii,

163 2398 183 2446 e
204 2375 281 2446 loco
302 2370 462 2466 parallelo
485 2393 515 2443 c.
536 2377 569 2462 5,
589 2374 610 2443 6
634 2370 827 2461 irrepserit,
853 2394 895 2442 eo
915 2371 1028 2444 minus
1052 2369 1151 2442 dubi·

162 2472 322 2562 tandum,
343 2470 435 2562 quod
454 2469 603 2540 indidem
623 2468 666 2540 el.
683 2493 732 2544 or.
754 2474 849 2563 ἰσχύι.
864 2487 926 2562 pro
943 2479 1011 2552 ἓςιν
1029 2470 1150 2561 traxit,

161 2570 276 2641 invitis
297 2567 485 2639 uncialibus
508 2568 675 2648 omnibus.
717 2568 755 2640 Si
776 2581 978 2641 contextum
999 2580 1153 2660 spectas,

163 2691 282 2738 uerum
296 2667 525 2739 confirmatur.
555 2667 709 2738 Gloriam
723 2689 762 2739 se
776 2689 923 2760 quarere
936 2679 1039 2759 negat
1053 2689 1090 2742 ν.
1100 2667 1153 2757 11,

87 2799 91 2812 ·
163 2765 229 2835 nisi
243 2763 279 2834 in
294 2784 398 2833 cruce
412 2761 550 2839 Christi.
580 2765 721 2849 Subjicit
734 2765 913 2856 rationem,
927 2766 1153 2858 quamobrem

164 2874 323 2953 praterea
344 2859 387 2930 de
408 2859 664 2933 circumcisione
684 2886 756 2934 non
775 2885 872 2956 aque
893 2885 935 2934 ae
951 2861 1156 2953 adversarii,

164 2960 344 3054 glorietur:
375 2983 481 3048 „nam
507 2962 721 3034 circumcisio
742 2962 826 3034 nihil
847 2966 941 3034 est:“
970 2961 1015 3036 cf.
1037 2961 1155 3039 reor.

165 3063 265 3151 7,19.
305 3059 362 3130 Sin
382 3062 418 3130 in
440 3058 520 3136 Chr.
539 3061 625 3132 Jesu
646 3061 939 3133 circumcisionem
961 3060 1153 3154 quidquam

33 3245 41 3255 „
166 3159 281 3230 valere
295 3172 454 3252 negaret,
474 3159 591 3250 petitio
606 3159 878 3250 principiiesset.
912 3165 1037 3230 Contra
1052 3181 1082 3230 c.
1094 3160 1155 3251 5,6

170 3268 358 3347 opportune
377 3257 483 3347 ratio,
504 3279 565 3327 eur
579 3256 704 3328 Galatae
725 3257 875 3329 adhibita
893 3257 1158 3330 circumcisione

170 3352 345 3424 aGhristo
376 3355 554 3425 abalienati
584 3358 714 3444 forent,
746 3355 962 3447 proponitur,
995 3353 1092 3449 quod
1121 3357 1159 3425 in

172 3448 311 3522 Christo
330 3457 416 3528 Jesu
440 3452 653 3525 circuncisio
675 3453 723 3523 nil
743 3453 866 3530 valeat.

225 3551 277 3624 16.
305 3550 358 3622 καί
372 3562 448 3620 ante
465 3551 529 3633 ivel,
550 3551 642 3643 quod
656 3576 677 3623 a
689 3549 760 3621 ἡ
777 3564 812 3624 et
825 3553 867 3622 ab
882 3573 951 3640 uno
965 3551 1159 3644 Mosquen·

171 3648 259 3720 sium
280 3648 395 3737 abest,
415 3661 613 3738 suspectum
633 3660 695 3720 est.
731 3651 810 3719 Huc
830 3648 921 3719 enim
935 3661 1071 3740 spectat
1085 3662 1161 3720 tota

172 3749 328 3839 epistola,
353 3758 392 3816 ut
414 3767 457 3815 ne
482 3745 651 3838 disjungat
664 3759 853 3818 sectatores
868 3745 993 3818 Christi
1008 3747 1051 3817 ab
1066 3746 1161 3836 lsra-

172 3843 259 3916 elitis
281 3845 353 3914 Deo
375 3843 533 3935 acceptis·
576 3845 610 3916 Si
630 3868 692 3916 vos
710 3843 855 3934 Christi,
879 3844 990 3936 inquit
1010 3866 1041 3921 o.
1056 3852 1090 3935 3,
1106 3854 1161 3935 29,

170 3941 355 4012 Abrahami
377 3962 494 4013 semen
516 3941 608 4014 estis.
649 3943 762 4038 Igitur
781 3954 936 4034 prestat,
963 3964 1022 4036 eos
1042 3941 1159 4034 ipsos,

175 4037 233 4126 qui
252 4039 403 4128 regulam
419 4039 500 4118 Chr.
520 4053 728 4132 sequuntur,
748 4039 874 4114 eruisse
890 4042 943 4114 sal
954 4063 1016 4131 pro
1031 4039 1159 4116 Israile
