2480 4528
198 327 263 397 274
358 359 363 376 =
866 347 914 399 eo
927 341 1173 402 remanum

197 504 317 554 rerum
341 501 417 554 esse
436 491 583 551 necesse
598 489 699 549 esset.
735 473 823 546 Mtht
844 489 955 548 antem
974 479 1177 569 persuadere

198 603 351 676 nequeo,
371 579 579 651 rarissimum
601 570 802 661 adiectirum
822 569 950 678 rie-epo„-
964 577 1057 668 quod
1074 578 1178 649 s'emel

200 693 329 751 tantum
350 679 383 748 in
404 703 438 753 n.
453 680 494 750 Τ.
516 688 532 748 1
551 679 637 750 Tim.
651 682 723 763 t‚1
746 697 837 766 aeque
858 699 899 745 ac
920 676 1010 766 apud
1026 675 1177 746 Alexan-

199 777 332 848 drinum
353 776 526 866 §Paralip
542 785 593 864 29,
608 783 648 847 29
669 774 802 865 legitur,
824 773 1026 843 correctioni
1043 774 1177 844 cuidam

199 875 324 947 deberi.
366 875 440 943 Imo
461 873 649 964 Hesychius
671 865 730 949 ils-2
752 903 780 945 aa
801 874 835 942 in
855 871 977 966 glossis
999 873 1124 961 habet,
1145 887 1180 944 et

197 995 284 1042 voce
304 962 425 1062 ἔσχεθον
443 971 610 1060 explicat3
631 983 668 1039 ut
683 971 717 1044 h.
731 903 754 1042 l.
771 994 855 1041 unus
871 995 890 1040 e
905 970 1089 1042 lectionem
1104 967 1177 1052 lea.

198 1103 247 1174 poc
265 1073 397 1158 firmat,
425 1071 527 1140 ceteri
544 1071 697 1153 juniores
718 1069 888 1162 glossema
908 1063 1030 1164 ἕσχαῒος
1052 1073 1179 1142 substi-

198 1182 307 1242 tuunt.
348 1168 384 1239 si
406 1170 447 1237 ab
468 1167 561 1238 initio
581 1170 728 1269 dagila:
754 1170 916 1261 scriptum
941 1172 1085 1260 fuisset,
1112 1194 1180 1239 non

199 1269 334 1358 dubito,
362 1267 443 1357 quin
463 1289 531 1336 non
552 1267 652 1336 modo
675 1263 797 1371 deppae,
816 1267 878 1338 sed
899 1289 941 1336 ne
963 1259 1088 1356 iexe'loe
1108 1269 1179 1360 qui·

198 1366 276 1436 dem
297 1377 503 1453 correctum,
530 1366 590 1434 sed
606 1365 647 1436 ad
662 1370 852 1455 proximum
868 1361 961 1467 {lagae
976 1371 1029 1451 (v.
1042 1367 1110 1449 30)
1127 1389 1176 1436 re-

198 1486 335 1535 cursum
353 1462 464 1532 fuerit.
501 1463 601 1556 Quod
622 1465 652 1534 si
673 1460 780 1566 ὕςιςος
800 1467 840 1535 ab
864 1465 954 1534 omni
971 1478 1070 1554 parte
1089 1488 1176 1535 com-

197 1561 385 1644 mendatur,
415 1560 497 1628 ordo
521 1562 596 1651 Syri
616 1561 701 1633 hier.
728 1565 917 1654 praeferatur
944 1585 1093 1634 necesse
1118 1575 1176 1633 est.

198 1661 276 1730 Huc
297 1659 444 1748 accedit,
470 1658 561 1749 quod
582 1659 635 1734 od.
649 1683 672 1728 u
695 1661 769 1734 intt.
792 1660 968 1754 anglosax.
988 1662 1094 1756 Vulg.
1117 1684 1177 1732 ms.

199 1770 234 1828 et
252 1756 363 1848 plures
385 1755 428 1825 It.
452 1755 548 1845 cdd,
577 1754 653 1826 cdd.
677 1758 767 1848 apud
785 1760 943 1849 Hieron„
969 1757 1126 1830 Hilarius
1148 1773 1178 1830 et
1228 1763 1229 1772 ’

198 1859 343 1948 August.
351 1905 363 1944 ‚
392 1877 595 1944 quamquam
622 1853 797 1946 vulgatum
825 1856 976 1926 ordinem
997 1870 1178 1946 tueantur,

199 1955 358 2044 tamenin
373 1953 515 2030 lectione
529 1948 650 2044 lapelee
665 1953 880 2044 conveniunt,
898 1953 1050 2045 adeoque
1065 1955 1179 2025 mendi

199 2051 325 2145 aliquid
350 2053 488 2123 subesse
510 2052 612 2119 tacite
631 2049 834 2141 significant.
876 2051 1083 2122 Provocavit
1104 2055 1179 2146 qui-

200 2150 276 2222 dem
297 2151 519 2236 Hieronymus
548 2169 608 2236 pro
633 2147 779 2216 lectione
798 2153 911 2250 egilae
932 2147 975 2218 ad
995 2171 1081 2238 sua,
1109 2175 1180 2242 que

197 2272 280 2319 vera
299 2258 486 2336 nuncupat,
509 2244 736 2338 exemplaria3
762 2245 951 2337 supersedit
971 2259 1089 2319 autem
1109 2251 1177 2318 ori-

197 2347 310 2440 ginem
331 2348 500 2434 scripturn
522 2343 695 2413 contrarie
714 2346 935 2434 perscrutari,
963 2346 1059 2437 quod
1080 2347 1180 2417 nimi-

198 2469 274 2514 rum
299 2441 479 2533 antiquitus
501 2443 598 2509 ambo
620 2443 771 2511 membra
792 2443 997 2533 transposita
1019 2444 1179 2516 fuissent.

198 2541 230 2611 Ii
250 2563 332 2611 sane
354 2552 475 2626 testes,
498 2539 555 2630 qui
575 2530 694 2631 ἵσχέῐας
713 2539 856 2630 habent,
877 2541 985 2610 ordini
1000 2541 1079 2628 Syri
1094 2543 1179 2618 hier.

197 2636 402 2732 patrocinari
421 2635 585 2706 videntur.
624 2639 783 2727 Superest
804 2653 1038 2731 argumentum
1060 2663 1083 2710 e
1099 2663 1180 2712 eon·

198 2751 298 2808 textu
322 2734 472 2827 petitum.
515 2735 697 2804 consuevit
724 2735 813 2803 enim
842 2735 1014 2825 dominus,
1042 2751 1089 2808 ut
1108 2743 1177 2826 ipsa
1227 2721 1228 2770 t

199 2859 254 2906 res
279 2833 486 2926 postulabat,
509 2832 543 2900 in
565 2833 636 2903 aliis
659 2833 825 2923 parabolis
847 2856 877 2908 e.
890 2857 923 2925 g.
943 2832 984 2903 de
998 2855 1179 2906 mercena·

199 2930 258 3000 riis
284 2930 402 3016 vineae,
432 2930 473 2998 de
502 2929 570 2999 lilio
599 2954 738 3025 peregre
758 2933 910 3022 prolecto
932 2947 967 3002 et
987 2933 1030 3003 de
1051 2959 1180 3030 magna

200 3052 314 3120 coena,
335 3052 411 3099 eum
432 3049 493 3098 seu
514 3048 589 3117 eos,
611 3052 671 3118 per
692 3039 778 3122 quos
798 3052 956 3120 proceres
976 3034 1101 3122 populi
1121 3034 1179 3103 he·

199 3128 275 3198 braei
295 3127 575 3222 significarentur,
598 3126 708 3213 priore
729 3126 805 3196 loco
827 3128 994 3218 collocare
1016 3130 1078 3199 vel
1099 3145 1177 3201 natu

199 3231 344 3312 majores
373 3227 494 3300 lacere.
534 3223 674 3293 Politius
702 3224 815 3316 itaque
840 3225 940 3294 etiam
959 3224 1016 3293 hic
1035 3226 1070 3296 is
1095 3227 1180 3296 lilio-

200 3347 295 3411 rum,
316 3325 375 3414 qui
394 3347 431 3394 se
451 3325 486 3394 in
506 3322 639 3394 vineam
653 3319 821 3390 abiturum
834 3322 1006 3411 professus
1024 3335 1103 3413 est,
1122 3346 1180 3394 ue-

201 3443 267 3513 que
288 3444 368 3492 vero
390 3423 487 3511 abiit,
508 3421 723 3514 praeponitur,
745 3431 782 3487 ut
806 3419 971 3509 principes
990 3431 1089 3490 tecte
1108 3443 1179 3513 per·

202 3520 418 3611 stringantur,
440 3522 514 3612 qui,
534 3521 614 3590 licet
632 3517 743 3588 verbis
762 3517 827 3608 pii,
846 3539 955 3608 oeque
968 3517 1125 3589 Johauni
1137 3519 1180 3588 de

200 3615 331 3686 Messia
356 3616 543 3710 predicanti
570 3637 692 3708 neque·
708 3616 780 3687 suis
801 3614 908 3684 oculis
929 3612 1113 3686 Christum
1132 3617 1178 3684 ri-

202 3713 357 3784 dentibus
378 3715 589 3788 orediderint.
633 3713 737 3806 Quod
755 3736 836 3784 vero
859 3713 988 3783 Griesb.
1013 3724 1049 3782 et
1071 3714 1180 3785 Fritz·

201 3811 316 3883 schius
337 3811 463 3902 opinati
482 3826 580 3904 sunt,
599 3825 737 3902 recepte
756 3822 875 3881 nostra
888 3811 1058 3900 scriptura
1075 3825 1181 3882 totam

200 3903 348 3996 perverti
367 3908 577 4002 parabolam,
597 3916 627 3980 si
648 3911 737 3980 enlm
756 3911 848 4000 prior
867 3909 954 3980 filius
976 3932 1009 3978 v.
1021 3919 1065 3986 29
1085 3933 1179 3983 suem

203 4007 291 4092 patri
303 4029 439 4098 operam
450 4007 619 4099 pollicitus
636 4021 737 4100 esset,
750 4006 877 4081 nullam
888 4006 992 4080 fuisse
1008 4011 1178 4080 rationem
