2532 4528
150 283 374 370 ,¹¹

152 450 253 502 suurn
262 443 362 499 usum
371 419 1143 520 renuntiarerideantur,ecntinus.1niltiqut„

75 549 85 565 ·‘
151 529 228 598 dem
240 525 372 618 placet,
387 519 480 615 quod
497 518 716 614 vulgcetiam
732 517 864 590 classes
878 518 1038 593 codicum
1053 519 1142 600 inter

152 647 189 696 se
202 623 433 715 discrepantes
454 622 672 695 recensiones
696 617 956 710 perhibeantur,
980 633 1082 712 etque
1096 621 1143 694 de

152 725 351 796 recensione
368 719 545 812 orientali,
561 717 782 806 alexandrina
796 719 1063 812 occidentalique
1075 744 1143 794 ser·
1220 735 1223 742 ’
1257 747 1258 758 ’

152 845 208 894 mo
231 823 297 893 sit·
327 823 413 892 Cum
437 821 526 890 enim
555 815 603 888 illi
624 817 736 890 uinta
753 817 956 890 conditionis
978 819 1058 891 libri
1082 822 1168 916 vin,

152 920 389 992 recensionem
414 919 589 991 continere
612 916 809 1007 videantur,
832 918 944 988 minus
971 911 1073 990 etiam
1089 918 1143 992 his

153 1043 195 1094 ea
226 1017 456 1106 denominatio
479 1017 649 1088 convenit.
691 1017 852 1109 Namque
874 1015 1034 1118 higuera
1057 1038 1145 1108 qun*

153 1121 233 1194 darn
247 1119 370 1199 ,varias
395 1117 560 1188 lectiones
583 1116 657 1188 sine
675 1127 769 1190 certa
793 1115 975 1189 stabilitate
1000 1115 1081 1194 hinc
1103 1115 1145 1186 il·

153 1220 226 1290 linc
244 1218 415 1308 corripere
432 1215 542 1306 solet,
552 1211 843 1307 *quemadmodum
858 1224 901 1294 „et
918 1214 953 1284 iu
970 1213 1142 1292 hodiernis

152 1317 412 1411 accensionibus
444 1327 478 1384 et
506 1313 659 1403 inistis,
688 1335 773 1405 quos
800 1313 890 1401 dixi,
918 1311 1013 1385 libris
1041 1337 1170 1412 marm¹

156 1417 291 1508 scriptis
318 1415 510 1488 factitatum
543 1435 619 1490 esse
642 1413 809 1488 ridemus.
826 1471 839 1486 .,
852 1413 979 1486 Verum
994 1413 1146 1504 peculia-
1177 1481 1180 1491 .

153 1515 202 1586 ris
232 1514 381 1586 varietas
407 1526 476 1586 tam
495 1513 679 1603 probarum
707 1536 813 1604 quam·
836 1509 1068 1604 improbarum
1096 1511 1147 1582 le·
1186 1515 1190 1528 '

154 1615 306 1686 cticuum
328 1614 522 1704 neutraque
551 1610 662 1684 classe
678 1611 779 1684 obvia
793 1611 955 1682 indicium
967 1623 1020 1683 est
1032 1611 1145 1700 potius

154 1712 310 1784 editionis
342 1703 533 1814 dilapidas.
588 1771 591 1789 ‚
649 1775 650 1786 ,
1257 1793 1258 1802 ¹

74 1829 83 1849 ‘
216 1813 259 1883 D.
283 1813 435 1886 Jcannes
448 1846 450 1854 v
463 1809 626 1883 Albertus
653 1808 857 1903 Banqelius,
879 1830 1031 1880 summus
1054 1809 1147 1880 criti·

155 1905 248 2002 cus,¹
263 1911 357 1980 hunc
391 1931 556 1980 canonem
578 1909 621 1979 de
646 1907 777 1983 duabus
807 1907 973 1980 classibus
988 1907 1147 1980 codicum

154 2011 238 2082 clim
265 2009 411 2080 feliciter·
430 2019 571 2080 secutus
588 2022 661 2080 est:
682 2059 707 2098 „
717 2009 867 2099 Totum,
885 2008 1012 2102 inquit,
1037 2029 1146 2099 genus
1253 2089 1258 2110 ,

155 2108 464 2197 documentorum,
480 2127 526 2178 ex
542 2107 665 2202 quibus
683 2109 966 2188 varioelectiones
981 2107 1148 2192 eolligun-

153 2223 261 2278 tur-et
281 2207 566 2303 deciduntur,jin
591 2206 677 2278 duas
701 2210 801 2292 quasi
821 2204 1147 2278 nationesdistrahi-

153 2325 226 2398 tur,
240 2308 414 2379 asiaticam
424 2307 684 2376 etafrieanam.'’
697 2307 824 2376 Verum
833 2307 872 2386 D,
881 2309 1018 2382 dodae.
1035 2306 1150 2386 Gries‘-

153 2405 294 2478 bachius
332 2405 426 2475 rivos
455 2404 537 2488 illos
567 2405 665 2476 unius
701 2402 811 2474 fontis
838 2405 1058 2476 occidentalis
1075 2427 1146 2495 pre

157 2499 287 2576 duobus
306 2505 459 2576 fontibus
476 2501 614 2593 habuit,
632 2503 881 2596 universasque
898 2505 1035 2584 cedices
1050 2527 1070 2573 e
1087 2505 1149 2574 tri·

153 2605 219 2676 bus
238 2601 336 2696 quasi
351 2600 604 2692 exemplaribus
619 2602 827 2694 principibus
846 2597 1007 2687 deduxit,
1026 2625 1073 2672 ex
1091 2625 1148 2673 re.

156 2699 373 2771 censionibus
401 2697 534 2770 scilicet
560 2693 733 2790 orientali,
757 2700 973 2776 alexandrina
999 2715 1033 2772 et
1057 2704 1148 2774 occi·

156 2797 291 2868 dentali.
320 2797 413 2868 Sicut
428 2810 542 2868 autem
555 2800 589 2868 in
602 2797 847 2870 hereditatibus
863 2801 1024 2872 defuncto
1036 2813 1149 2890 patre,

154 2897 395 2989 superstitibus
417 2915 487 2968 uno
507 2898 577 2969 tilio
595 2913 636 2969 et
656 2899 791 2970 duobus
808 2901 1008 2989 nepotibus,
1031 2900 1067 2968 hi
1081 2901 1147 2970 duo

155 3021 218 3088 pro
237 3001 305 3066 uno
327 3009 566 3085 numerantur,
586 3008 689 3086 atque
702 2997 770 3066 unt
788 2998 891 3080 samis
901 3048 912 3087 ,
926 2997 1050 3092 singuli
1065 2999 1147 3067 v'ero

155 3118 226 3164 non
258 3094 434 3183 trientem,
463 3093 524 3164 sed
542 3092 768 3182 quadrantem
796 3096 990 3186 accipiunt,
1016 3097 1063 3164 ita
1085 3096 1149 3166 ini·

156 3215 271 3286 quum·
290 3205 363 3280 est,
387 3214 501 3262 ramos
521 3191 678 3262 codicum
703 3213 784 3262 curn
801 3194 983 3284 stirpibus,
1004 3194 1148 3264 familias

156 3315 237 3363 cunr
256 3287 676 3362 classibusconfunuere„
711 3291 793 3384 Qua
813 3313 873 3364 res
892 3304 932 3360 ut
944 3293 1051 3382 magis
1071 3313 1148 3383 per·

51 3419 54 3428 ·
157 3392 276 3482 spicua
299 3403 410 3478 esset,
429 3389 598 3480 inpriore
620 3387 764 3479 epistola
786 3391 831 3462 ad
852 3390 1044 3462 Corinthios
1059 3391 1150 3462 ctas

139 3563 141 3568 .
160 3492 249 3560 sium
271 3485 512 3560 diversitatem
524 3500 766 3579 perscrutatus·
782 3488 990 3578 deprehendi
1010 3511 1151 3560 consen-

156 3589 304 3688 sumsvel
320 3588 471 3657 ominium
489 3585 546 3655 nel
565 3585 807 3655 norrnullcrunr
826 3584 992 3658 librorum
1017 3588 1150 3658 familia

107 3722 111 3742 ι
157 3687 310 3756 africana
334 3700 370 3755 et
396 3685 505 3754 launa
531 3684 681 3754 cxtw.
706 3682 791 3760 lunis
813 3689 840 3754 'a
862 3685 979 3757 classe
997 3687 1152 3756 orientali

157 3784 400 3854 discedentem.
443 3785 558 3876 Quare
590 3785 660 3852 iste
678 3782 813 3854 facite
837 3787 984 3876 persepe
1004 3787 1151 3855 concur·-
1195 3811 1201 3827 ¹
1257 3819 1258 3830 κ

79 3883 81 3888 ’
135 3890 271 3956 'rentes
301 3882 477 3952 communi
505 3879 644 3952 nemim
663 3879 789 3954 -etarus
806 3882 1025 3954 mummolus
1045 3883 1151 3952 denn-

157 3980 261 4050 tandae
293 3978 508 4080 videbantur.
547 3977 654 4072 Quod
683 3979 715 4052 si
732 3978 813 4054 libri
843 4001 930 4052 nco
956 4003 1021 4068 pro
1044 3979 1151 4053 classe
1257 4037 1258 4042 η
