2474 4528
181 315 244 384 152
857 336 904 386 ιιι
918 337 973 386 er.
987 337 1168 390 narrum

244 467 346 542 nun
376 465 489 559 Quod*
504 476 584 556 post
609 467 731 555 pepini
753 466 789 536 in
810 463 930 538 eodem
950 467 1044 559 Syro
1063 469 1171 559 hier„

140 639 146 651 ,
183 569 335 636 Armeno
356 577 391 634 et
409 565 486 637 odd.
499 589 551 658 gr.
567 572 616 633 13.
632 571 683 634 33.
700 570 760 635 124
776 578 810 635 et
826 565 872 638 al.‘
889 565 1023 636 additur
1044 570 1171 672 epddge,
1230 599 1231 658 ι

182 665 288 755 probe
308 664 496 740 notandum
517 677 588 754 est,
611 665 777 756 quoniam'
791 665 826 744 id
846 666 1044 737 censoribus
1060 668 1168 758 magis

182 784 490 854 supervacaneum,
510 787 611 854 quam
624 777 662 832 ιιι
676 763 860 834 adderetur
872 764 1106 834 necessarium
1121 767 1172 834 vi·
1230 795 1231 822 ι

182 863 255 939 deri
276 860 437 953 oportuit.
479 864 660 936 Sohulzius
683 864 817 956 quidem
838 871 914 951 ub,
931 870 971 932 10
992 885 1173 954 compara-

182 960 253 1053 vit,
273 961 335 1032 sed
356 984 433 1032 oum
453 961 542 1031 inter
562 961 655 1032 huno
676 976 711 1032 et
724 976 880 1034 nostrum
895 963 1010 1033 lorum
1025 962 1172 1034 multum

182 1060 332 1147 intersit,
353 1081 493 1148 vereor,
514 1060 628 1131 utillo
649 1075 742 1132 recte
765 1061 908 1132 collatus
929 1063 985 1132 sit.

244 1180 278 1232 v.
293 1165 346 1232 29.
374 1162 484 1250 Syrus
495 1157 583 1228 hier.
598 1181 676 1228 oum
692 1172 823 1230 tantum
837 1183 906 1230 non
924 1161 1077 1232 omnibus
1094 1162 1173 1232 intt.

181 1257 367 1345 Eusebius,
390 1260 606 1350 Augustinus
627 1273 662 1330 et
680 1260 777 1330 bonae
798 1271 883 1327 notae
904 1258 981 1330 edd.
1003 1281 1057 1329 sn
1082 1271 1113 1332 1.
1132 1269 1173 1330 13

182 1358 235 1432 ιι.
250 1364 366 1430 rnen
382 1363 433 1430 ss.
450 1365 521 1432 ιιι.
538 1359 772 1440 rennuere
797 1359 1088 1456 postmodun
1113 1359 1174 1430 ad-

182 1454 269 1526 dunt
288 1448 398 1534 edidi,
420 1455 511 1546 quod
532 1455 586 1526 vel
605 1479 693 1545 ¹onsu
715 1455 770 1526 vel
791 1455 933 1551 oonsilio
955 1453 1055 1550 vulgo
1070 1457 1170 1526 exei-

182 1553 273 1622 disse
300 1574 404 1642 prope
434 1552 537 1622 fidem
566 1553 715 1624 aceedit:
745 1577 845 1642 nasu,
873 1553 951 1644 quia
978 1554 1168 1644 antiquitus

183 1663 298 1728 assuta
311 1663 390 1732 sunt
403 1653 506 1734 verba
518 1651 573 1735 se>
587 1656 616 1734 oi
629 1657 796 1754 rugosior,
817 1675 886 1743 quae
901 1651 988 1752 infra
1001 1645 1172 1743 scripturn

185 1751 282 1834 ᾳύΊὼἶν
303 1749 400 1820 facile
421 1749 456 1830 in
477 1773 691 1831 communem
711 1752 882 1820 interitum
902 1749 1034 1820 trahere
1049 1764 1173 1839 potue-

182 1861 282 1938 runt,
305 1847 465 1941 oonsilio,
488 1849 573 1941 quia«
588 1849 665 1918 loco
678 1872 750 1940 par.
765 1849 875 1918 Maro.
894 1858 925 1934 1,
938 1858 983 1920 22
1000 1850 1098 1925 edidr
1115 1853 1173 1922 ab·

184 1959 255 2042 ost,
272 1945 330 2029 nbi
345 1958 457 2030 tumen
472 1969 490 2028 e
505 1946 664 2031 Matthaeo
682 1948 817 2042 quidam
832 1949 929 2028 edicio
944 1962 1172 2043 exceperunt.

244 2193 275 2240 v.
290 2177 321 2242 3.
349 2171 469 2248 ἇίιιές
488 2171 523 2238 in
545 2079 824 2239 nodbuiiilsIlibris
841 2167 1065 2260 desideratur,
1089 2193 1172 2260 pro.

182 2282 257 2384 pter
282 2266 396 2350 looprn
423 2266 661 2358 pan'Lne5,
685 2274 743 2352 13,
773 2267 830 2336 ubi
859 2267 934 2338 viee
964 2289 1066 2337 versu
1088 2267 1169 2338 hine

182 2395 217 2452 ιιι
239 2368 442 2458 quibusdam
472 2374 564 2454 λέγων
585 2388 648 2457 pro
669 2367 752 2448 εἰπών
774 2363 942 2446 scribitur.
985 2365 1106 2456 Quare
1127 2367 1169 2434 de

182 2467 324 2535 veritate
346 2465 500 2535 lectionis
522 2478 680 2556 receptus,
732 2465 979 2556 uelutrobique
1002 2466 1170 2537 Griesba-

185 2565 261 2636 ohio
284 2580 443 2658 suspecta
462 2564 653 2652 videbatur,
678 2489 748 2633 ndi
770 2563 934 2640 dubitare.

213 2697 215 2702 ·
243 2689 277 2740 v.
292 2675 323 2742 8.
351 2667 451 2756 λόγῳ,
479 2663 530 2733 uti
552 2663 685 2738 Griesb.
713 2663 791 2732 loeo.
815 2663 906 2748 urps
929 2683 948 2730 e
969 2664 1170 2754 ceteroquin

183 2765 312 2835 idoneis
344 2765 486 2834 testibus
518 2763 578 2844 (in
610 2785 756 2854 qnorum
787 2781 928 2830 numero
959 2781 1037 2830 esse
1065 2761 1169 2830 video

185 2865 285 2934 etiarn
307 2861 361 2938 ed.
377 2867 410 2944 1)
432 2861 578 2951 recepit,
601 2861 683 2930 mihi
704 2857 841 2951 quidem
862 2857 1011 2926 nondum
1035 2871 1171 2928 eertum

184 2975 255 3050 est,
283 2960 374 3054 quod
396 2983 414 3028 e
434 2959 456 3029 l.
478 2983 548 3050 par.
570 2961 650 3030 Lus.
668 2961 701 3047 i,
715 2961 747 3044 7,
769 2958 826 3046 ubi
847 2955 982 3046 quidam
1005 2955 1086 3032 odd.
1110 2979 1172 3047 per

184 3060 493 3148 compensationem
508 3080 526 3126 e
540 3055 664 3126 Matth.
680 3057 771 3142 λέγοι
787 3055 979 3124 correxisse
994 3052 1168 3142 videntur,

182 3157 281 3228 facile
309 3158 460 3249 irrepsit,
475 3167 648 3226 monente
672 3155 743 3235 jam
764 3152 906 3228 Wolfio.
949 3151 1068 3244 Quum
1085 3174 1164 3220 vero

183 3256 326 3346 plurimu
345 3268 455 3324 errata
477 3275 495 3323 e
517 3250 790 3342 locisperallelis
812 3250 975 3342 originem
990 3247 1167 3338 duxerint,

184 3377 230 3424 eae
248 3356 428 3443 lectiones,
450 3377 520 3450 quae
533 3353 611 3422 inde
625 3349 842 3441 probabiliter
856 3347 1072 3438 petebantur,
1089 3348 1167 3428 jure

171 3469 349 3545 suspecte
372 3467 460 3526 sunt.
491 3451 696 3520 Oonferatur
717 3461 880 3538 praeterea
895 3444 1015 3514 modus
1032 3443 1168 3515 dicendi

183 3553 344 3622 Matthaeo
357 3563 538 3628 consuetus
554 3551 644 3635 ndpov
658 3551 743 3616 rimis
765 3565 795 3621 o.
809 3543 860 3634 12,
874 3549 926 3618 32.
946 3545 999 3631 26,
1013 3545 1070 3632 44,
1088 3543 1169 3616 eim-

183 3655 323 3754 ngrdiirer
349 3651 440 3734 λέγων
460 3670 489 3720 ο.
504 3656 563 3736 22,
583 3639 635 3718 db.
942 3657 944 3660 ’

208 3761 214 3784 ’
243 3760 275 3824 ιι.
291 3757 322 3823 9.
350 3745 408 3818 dud
434 3744 547 3835 ἐξιών
575 3750 684 3836 §prus
708 3745 795 3813 hier.
822 3739 963 3829 omittit,
993 3742 1097 3825 ouius
1116 3742 1167 3808 rei

184 3868 286 3918 nauso
306 3844 411 3915 multo
432 3844 540 3912 minus
556 3855 713 3932 apparet,
735 3863 836 3931 quarn
851 3861 953 3908 causa
968 3837 1164 3907 intrudendi

182 3947 248 4018 ista
271 3937 374 4014 verba
390 3965 414 4010 ¹u
437 3942 514 4012 loeo
534 3963 606 4031 par.
630 3944 710 4010 Luc.
731 3947 762 4025 7,
784 3949 822 4026 8,
851 3961 920 4028 que
940 3935 1044 4006 etiam
1067 3936 1164 4028 plene

186 4043 295 4122 pond.
317 4065 338 4128 p
360 4042 492 4134 alioque
518 4051 553 4124 et
578 4039 658 4124 intt,
676 4037 786 4123 latinis
808 4033 1001 4120 hoovrnodo
1019 4032 1165 4127 repetitu
