2532 4528
1084 313 1104 376 b

122 457 334 554 vulgatoque
354 456 373 533 ὅ
401 462 489 550 (pto
511 459 686 543 ieelim
718 459 875 552 τόνδὶσμος
902 462 1104 552 exhibeant,

116 557 333 628 ‘soloecismus
350 572 480 649 est,.ex
495 557 681 628 imitatione
702 556 822 642 linguae
844 560 968 631 latine:
990 561 1104 653 „quod

120 667 174 727 est
194 658 340 746 capnt‚'’
359 657 478 749 „quod
501 669 554 728 est
574 655 778 726 vinculum.’'
810 659 1003 728 Posteriora
1025 658 1102 729 loco

120 756 233 835 codex
249 761 299 830 17.
321 759 566 828 barbarismum
586 755 648 838 iel<
667 757 797 828 habens
818 759 978 848 ostendit,
998 759 1105 828 homi-

119 875 198 925 uem
220 855 414 947 quempiam
432 856 573 926 latinum
593 853 612 928 ἔ
629 877 732 948 supra
756 853 821 935 irre
841 855 1035 947 scripsisse,
1058 879 1104 926 ex

119 954 245 1046 quoin
268 953 342 1024 cod.
365 959 415 1028 17.
444 952 508 1035 ὅτις
535 965 569 1024 et
589 952 719 1024 inaliis
739 950 774 1043 i,
804 953 898 1046 quod
924 956 1034 1047 ipsum
1061 955 1104 1028 ad

120 1051 286 1121 rationem
297 1043 525 1146 grammatice
546 1052 741 1124 membrana
762 1053 816 1121 D*
836 1054 871 1122 in
891 1052 921 1133 ic
941 1054 1104 1126 reforma·

118 1147 177 1220 vit
224 1149 418 1222 Relativum
449 1151 540 1220 enirn
571 1165 629 1220 aut
658 1175 679 1223 a
709 1152 845 1222 contine
871 1152 1098 1244 precedente,

118 1247 215 1319 velut
244 1271 275 1319 c.
297 1257 401 1350 2‚·10.
424 1253 475 1322 17.
505 1247 628 1340 Ephes.
650 1258 689 1340 t,
704 1257 774 1341 25,
805 1263 863 1320 aut
882 1271 978 1338 mope
999 1250 1103 1321 latino

117 1360 325 1439 assequente
346 1349 494 1438 pendero
514 1359 660 1440 oportet,
682 1362 722 1418 ut
736 1349 899 1438 murts,
915 1354 965 1423 17.
988 1350 1102 1418 1Tim.

118 1451 219 1536 3,15.
251 1446 409 1518 Similiter
426 1449 507 1517 Act
523 1457 555 1538 2,
570 1455 623 1518 38.
645 1448 787 1520 latinum
807 1448 968 1542 loquendi
983 1471 1103 1542 genus,

118 1544 212 1636 qnod
241 1545 343 1614 etiam
363 1545 528 1629 volgatus
556 1546 678 1637 habet,
709 1549 744 1616 in
774 1547 852 1617 cdd.
873 1571 928 1618 ac
948 1547 1103 1638 irrepsit,

117 1644 177 1735 qui
195 1648 270 1735 prol
285 1643 321 1712 iu
340 1643 460 1716 mediis
475 1646 599 1734 verbis,
628 1669 702 1739 quac
717 1648 942 1738 adducuntur,
962 1659 1102 1740 ponunt

117 1749 235 1813 Denuo
255 1743 337 1814 hinc
351 1745 578 1828 argumentari
594 1745 719 1837 poteris
727 1798 740 1836 ,
756 1746 896 1818 familias
913 1747 1029 1818 classis
1045 1767 1104 1815 oc-

117 1839 297 1912 cidentalis
318 1855 436 1914 mutuo
452 1843 671 1926 concordare.
712 1847 800 1916 Tum
814 1867 896 1916 vero
911 1867 985 1936 qnae
1003 1844 1103 1914 fuerit

117 1963 241 2012 caussa
254 1941 515 2014 necessitudinis
529 1945 706 2036 utriusque
719 1944 869 2032 familia,
888 1940 1031 2013 historia
1046 1963 1103 2011 cc·
1137 1977 1138 1982 ,

95 2047 99 2058 '
119 2037 310 2110 clesiastica
324 2037 648 2131 explicarerldetnr,
661 2042 753 2135 qnod
766 2042 968 2113 christianos
980 2063 1000 2112 a
1010 2041 1104 2111 Van·

115 2135 203 2208 dalis
216 2149 253 2206 et
266 2135 526 2209 Muhamedanis
539 2161 584 2210 ex
596 2139 715 2210 Africa
729 2141 855 2221 clamos
869 2139 973 2210 libros
982 2158 1099 2209 sacros

116 2234 283 2333 secnmin
297 2235 430 2307 ltaliam
442 2250 598 2328 portasse
613 2237 784 2323 probabile
800 2251 863 2308 est.
887 2235 891 2242 ’
906 2237 1101 2329 Eorumque

116 2345 253 2404 textum
285 2355 364 2405 cum
382 2334 573 2406 domestico
591 2335 673 2406 italo
689 2337 836 2406 mixtum
853 2357 930 2407 csse
946 2335 1101 2405 arbitror.

4 2465 5 2470 ¹
116 2431 242 2525 Neque
257 2447 377 2503 tamen
397 2448 579 2505 contextus
600 2433 677 2504 cdd.
697 2455 778 2504 ane
802 2458 822 2505 a
842 2444 1007 2504 contextu
1024 2431 1102 2516 cdd,

118 2553 259 2619 nare,
276 2553 387 2623 neque
413 2547 533 2604 contra
560 2531 706 2603 derivari
730 2545 862 2624 potest,
885 2530 1001 2602 sedin
1017 2529 1102 2600 anti-

117 2630 237 2722 quiore
264 2643 403 2700 auctore
433 2643 576 2722 utraque
596 2632 729 2702 familie
752 2630 989 2724 conjungitur:
1011 2627 1102 2698 unde

117 2728 220 2800 modo
235 2727 311 2799 haec
323 2728 426 2800 modo
438 2727 498 2800 illa
510 2730 650 2821 propius
664 2730 814 2821 priscum
822 2726 995 2819 exemplar
1009 2731 1103 2797 'oom-

115 2849 220 2924 mnne
239 2839 398 2899 sectatur.
446 2901 449 2910 Δ

178 2925 297 2996 Mean
313 2928 456 3020 penalis
484 2940 565 2998 sunt
593 2926 722 3020 aliquot
746 2926 822 2996 libri
843 2947 945 2996 manu
966 2924 1102 3013 scripti,

117 3024 176 3116 qui
201 3031 221 3096 c'
251 3021 360 3095 classe
386 3025 540 3095 orientali
565 3037 600 3095 et
623 3022 749 3097 familia
774 3023 923 3094 africana
945 3021 1104 3091 codicum

117 3123 185 3194 unt
202 3124 353 3194 conflati
376 3137 467 3195 sunt.
510 3123 552 3193 In
581 3143 651 3215 quo
678 3143 820 3191 numero
839 3122 1053 3211 reperiuntur
1067 3118 1103 3187 in

115 3221 217 3293 Actis
234 3234 269 3291 et
287 3220 438 3312 epistolis
454 3219 630 3299 catholicis
650 3221 817 3312 precipue
834 3219 911 3288 libri
923 3225 973 3289 15.
987 3226 1035 3285 18.
1049 3223 1102 3287 25.

117 3323 169 3391 16.
188 3324 240 3391 lo.
269 3331 305 3388 et
322 3318 536 3410 mosonensis
549 3319 590 3406 d,
607 3331 710 3410 atque
730 3318 765 3387 in
783 3316 934 3410 epistolis
952 3316 1102 3386 Paulinis

117 3417 254 3488 codices
264 3418 316 3489 17.
325 3423 378 3491 at.
386 3420 559 3492 373916.
568 3417 618 3490 at.
630 3419 682 3488 67.
698 3417 1102 3504 ascomannorum,

116 3537 265 3587 necnon
279 3515 471 3607 utrobique,
482 3537 584 3608 quem
593 3535 657 3605 ego
673 3514 823 3603 excusi,
834 3513 1031 3584 Marcianus
1046 3511 1101 3581 x1.

116 3613 248 3684 Eorum
269 3635 358 3694 rara
378 3623 414 3682 et
429 3613 560 3682 incerta
576 3610 709 3682 indoles
730 3611 877 3682 seusina
892 3610 1034 3682 consilio
1056 3631 1102 3678 ex

115 3711 210 3784 valia
234 3711 460 3782 lectionearl
475 3711 661 3796 marginem
682 3722 822 3800 notata,
852 3709 926 3780 sivo
950 3707 1102 3779 studiose

116 3811 318 3882 recensione
354 3807 499 3894 alicujus
534 3810 685 3882 censoris
715 3809 842 3901 antiqui
871 3807 952 3878 oriri
979 3807 1099 3899 potuit.

118 3913 202 3982 cum
227 3908 373 3992 veroin
391 3909 631 3982 'describendis
650 3905 818 3998 exemplis
841 3906 967 3977 librarii
990 3904 1100 3992 potius

111 4013 219 4084 casn
243 4029 348 4100 quem
381 4009 524 4082 consilio
549 4009 652 4083 ¹ducti·
669 4019 802 4078 uetusta
828 4003 1033 4094 exemplaria
1059 4003 1100 4070 in
