2532 4528
173 290 384 398 r'

135 569 137 576 s
176 483 330 554 Cesarea
362 479 461 550 obvio
489 471 752 570 comparaverit,
769 476 1068 569 ¹quemadmodum
1082 478 1155 570 ipse

176 581 220 652 ad
235 578 363 650 calcem
380 575 600 667 epistolarum.
615 573 832 646 Panlinarum
850 575 1066 648 subscribens
1088 577 1156 647 las-

175 701 233 751 sus
254 689 307 748 est
333 679 386 756 (v.
404 673 560 745 Bibliotb.
579 673 772 762 Goislinian.
800 697 832 764 p.
857 675 967 757 2622).
1007 675 1157 746 Exstant

175 774 368 868 apographa
389 772 515 844 codicis
538 772 703 863 Euthalii‘,
727 796 800 865 quae
830 772 964 845 Griesb.
994 774 1029 843 in
1051 773 1157 845 Paulo
1260 832 1261 836 ,

135 881 136 888 ’
174 873 322 945 numeris
351 877 392 943 ld
420 883 455 940 et
477 879 551 944 109>
580 872 658 951 (hio
688 883 741 940 est
768 883 888 940 noster
917 871 990 940 cod.
1019 873 1157 953 Marc.)

135 976 138 982 '
175 973 352 1061 distinxit,
384 992 493 1060 eaque
522 991 602 1058 vere
629 969 717 1038 inter
745 967 873 1040 classes
903 963 1157 1040 orientalemet

176 1068 419 1141 occidentalem
433 1069 581 1138 medium
594 1081 721 1157 tenent,
735 1067 837 1136 modo
854 1063 983 1158 aparte
999 1069 1157 1140 codicum
1183 1137 1186 1145 .

175 1167 358 1240 uncialium
384 1167 487 1238 modo
516 1169 556 1237 ab
586 1166 694 1236 altera
717 1179 858 1240 stantes.
898 1167 1022 1257 Neque
1043 1178 1155 1236 tamen

151 1341 156 1348 ,
176 1263 699 1338 consiliumtextus¹e1nendandi
721 1286 767 1334 ex
787 1287 852 1336 usu
874 1262 1003 1336 codicis
1018 1263 1158 1337 diverse

174 1380 302 1436 naturae
324 1377 480 1455 apparet;
503 1364 567 1434 sed
587 1375 718 1433 tantum
739 1363 869 1442 variam
888 1361 1072 1434 lectionem
1093 1385 1155 1433 ex·
1258 1363 1261 1372 ⁴

169 1464 353 1556 'scripsisse
375 1461 507 1532 videtur
527 1459 724 1549 Euthalius‚
750 1461 859 1551 unde,
885 1473 924 1532 ut
943 1462 1032 1532 l'orte
1053 1484 1154 1534 casus

134 1589 138 1594 ·
173 1563 323 1650 serebat,
353 1560 540 1650 posteriora
566 1557 759 1649 apographa
782 1559 843 1636 ‚vel
862 1571 994 1630 textum
1014 1560 1155 1632 alexan-

174 1663 309 1732 drinum
324 1669 552 1746 reservarunt,
572 1657 628 1728 vel
649 1653 814 1729 lectiones
831 1658 1000 1732 variantes
1014 1658 1050 1752 in
1063 1659 1153 1732 illius

172 1762 287 1832 locum
307 1760 524 1830 suffecerunt
578 1773 581 1779 ·

235 1860 386 1948 Utraque
413 1853 570 1938 codicum
600 1853 718 1926 classis
744 1855 994 1928 subdivisiones
1013 1877 1076 1928 sen
1087 1858 1155 1944 fa·

174 1958 293 2028 midias
313 1955 427 2041 habet,
449 1976 590 2044 quarum
610 1953 645 2022 in
666 1953 821 2026 orientali
843 1955 1015 2047 quidem'a
1028 1953 1157 2028 criticis

173 2057 286 2126 nunus
312 2053 399 2124 ratio
430 2051 544 2123 habita
559 2065 634 2142 est,
664 2054 707 2124 ob
729 2075 805 2131 eam
822 2054 969 2138 fortasse
991 2075 1155 2142 causam,

175 2154 266 2248 quod
294 2152 371 2246 libri
400 2151 501 2234 hujus
531 2150 648 2222 classis
677 2175 801 2245 magna
830 2173 874 2222 ex
901 2165 995 2242 parte
1017 2154 1155 2223 nonnisi

173 2257 362 2344 interrupte
374 2250 487 2322 collati
499 2265 632 2340 essent,
646 2253 793 2324 fortasse
804 2251 923 2339 etiam,
938 2250 1154 2346 quodminus
1261 2298 1262 2330 i

110 2381 111 2386 ¹
174 2363 370 2422 constanter
380 2347 415 2418 in
426 2348 576 2418 diversas
589 2353 702 2439 partes
718 2352 848 2420 abeant.
880 2345 1154 2422 Sedefonteoc-
1261 2429 1262 2450 χ

176 2447 334 2518 cidentali
350 2460 442 2517 certe
453 2447 520 2517 duo
534 2448 632 2516 rivuli
642 2461 816 2520 emanant:
836 2472 914 2528 cunr
928 2455 1107 2541 aflicanns
1118 2453 1155 2524 in
1261 2469 1262 2482 ¹

173 2545 377 2618 membranis
392 2569 468 2616 nnc
481 2547 599 2632 (vulgo
609 2546 847 2619 alexandrinus
860 2549 1003 2640 dictus),
1017 2551 1156 2644 quibus·

175 2670 253 2716 cum
276 2657 387 2734 patres
401 2656 435 2712 et
444 2643 641 2734 interpretes
655 2649 792 2739 egyptii
804 2647 917 2720 facere
930 2649 1062 2742 solent,
1084 2664 1157 2723 turn

174 2751 302 2834 latinns
331 2741 454 2826 (vulgo
486 2744 703 2814 occidentalis
731 2754 969 2839 nuncupatus)
997 2751 1034 2819 in
1054 2750 1156 2822 codd.

175 2865 259 2914 uer
272 2863 314 2930 o,
345 2838 402 2932 qui
430 2863 508 2910 cum
535 2842 718 2933 interprete
741 2845 1073 2932 mrehieronymiano
1094 2869 1157 2941 pa·

72 3004 75 3012 .
175 2942 348 3032 tribusque
369 2940 483 3012 latinis
505 2943 671 3031 praecipue
692 2945 888 3016 concinunt.
918 2947 991 3027 (Gt'
1005 2969 1036 3016 e.
1050 2972 1083 3042 g.
1096 2971 1157 3020 va·

174 3041 225 3110 ria
245 3039 346 3109 lectio
368 3038 457 3127 apud
479 3039 611 3110 Griesb.
636 3042 816 3112 lOorinth.
840 3046 909 3134 tt,
938 3044 1051 3137 ibique
1072 3069 1158 3139 prae·

15 3122 17 3126 ¹
96 3195 98 3199 .
175 3143 293 3211 sertim
307 3137 524 3226 transpositio
538 3137 785 3229 versiculorum,
797 3144 848 3212 st.
862 3155 897 3212 et
910 3148 961 3212 35.
975 3143 1157 3236 insere,

175 3237 392 3310 translatione
415 3237 505 3308 Itala
531 3251 565 3308 et
591 3240 845 3312 Ambrosiastro
873 3240 1006 3323 obvia.)
1046 3243 1158 3312 Inter·

78 3331 82 3340 ’
176 3339 255 3411 dum
272 3352 407 3428 quo'que
422 3335 498 3404 libri
519 3335 650 3408 familiae
675 3339 829 3418 africana.
845 3339 888 3410 ad
902 3339 1158 3410 translationem

174 3439 313 3512 latinam
337 3437 585 3514 accommodati
616 3439 784 3520 videntur,
806 3461 1004 3531 quanquam
1034 3460 1053 3508 e
1080 3437 1156 3510 solo

174 3555 349 3626 ¹consensu
377 3533 495 3606 classis
524 3536 743 3608 occidentalis
773 3559 852 3608 cum
871 3540 1008 3622 vulgata
1029 3558 1157 3629 nequa-

176 3657 296 3726 quam,
329 3644 367 3700 ut
395 3629 595 3722 quibusdam
631 3634 821 3730 videbatur,
852 3635 1157 3724 conformationem

112 3813 114 3818 ¹
177 3732 332 3801 codicum
371 3728 469 3819 quasi
507 3729 752 3803 latinizantium
790 3733 832 3806 ad
853 3735 1031 3828 Vulgatam
1061 3731 1156 3804 colli-

164 3853 254 3914 -gere
270 3829 378 3896 liceat.
408 3825 495 3894 Cum
510 3840 622 3897 autern
638 3853 667 3899 e.
678 3855 711 3922 g.
728 3831 800 3902 cot.
817 3841 854 3922 2,
870 3841 919 3902 10.
933 3831 1009 3904 libri
1019 3839 1157 3903 norro

176 3929 244 3999 und
272 3949 348 3994 oum
377 3923 560 4012 exemplari
588 3927 703 3998 lanne·
717 3935 806 4001 facto
834 3931 1157 4022 Sangermanemis

177 4051 251 4124 (pro
271 4028 319 4108 ἔς)
342 4031 419 4093 ἐστιν
438 4029 453 4096 i
475 4025 604 4116 emani,
633 4029 874 4122 oumibidemc.
889 4037 924 4119 3,
946 4035 995 4100 ll.
1018 4049 1157 4100 sacru

86 4207 88 4212 ¹
179 4123 270 4200 curn?
290 4122 459 4200 Clemente
492 4126 708 4200 alexandrino
742 4141 777 4199 et
796 4129 1034 4220 interpretibus
1068 4125 1156 4200 ltalo
