2506 4526
150 322 168 384 2

152 469 227 540 vel
218 471 354 540 incertis
369 469 473 554 signis
489 469 617 540 criticis
632 480 724 538 tecte
740 469 1026 542 commendanda.
1072 471 1142 564 Qui

152 591 228 638 mos
250 564 468 638 addubitandi
488 589 566 638 cum
580 563 738 638 meliores
754 589 908 678 quasque
923 568 1101 639 editiones
1106 581 1141 640 ιι·

153 665 195 737 Ἰ.
223 667 453 756 occupaverit,
476 686 597 734 vereor
617 676 658 732 ut
691 665 845 735 criticam
871 678 979 737 artem
1006 685 1144 758 sacram

153 767 378 880 promoverit,
414 776 507 834 certe
537 763 643 833 index
670 763 876 856 imperfectae
903 765 976 850 ejus
998 767 1144 884 conditi-

155 865 228 936 onis
250 863 363 936 adhuc
384 885 458 935 esse
479 861 622 934 videtur.

217 963 273 1034 Ad
301 962 574 1034 constituendum
604 974 639 1030 et
666 962 901 1056 castigandum
924 977 1059 1034 textum
1087 987 1144 1033 se.

156 1087 252 1136 orum
270 1061 451 1153 plurimum
471 1059 563 1130 valet
575 1051 707 1130 rectum
722 1062 891 1174 judicium
912 1063 956 1133 de
975 1064 1146 1138 classibus

156 1163 321 1234 eodlcu'vra
364 1158 486 1229 Cuncti
511 1159 648 1250 quidem
669 1182 689 1229 a
710 1153 908 1249 primigenio
933 1162 1143 1252 autographo

157 1262 371 1347 derivantur,
391 1257 452 1330 sed
474 1271 576 1352 prout
596 1258 780 1349 antiquitus
797 1259 833 1328 in
853 1259 966 1331 varias
984 1261 1142 1356 regiones

156 1358 313 1450 exempla
333 1357 552 1429 disseminata
573 1368 669 1445 sunt,
691 1358 739 1426 ita
759 1347 1027 1451 unumquodque
1048 1358 1144 1428 dein
1250 1411 1251 1432 ι

157 1481 236 1549 ceps
267 1457 474 1571 descriptum
508 1454 697 1526 uberrimus
727 1477 849 1546 parens
880 1456 1013 1527 familiae
1035 1467 1170 1525 mens·

156 1561 338 1628 bracarum
352 1555 486 1641 evenit,
507 1555 542 1624 in
563 1553 749 1643 eademque
768 1553 896 1636 farnilia
914 1557 998 1626 varii
988 1555 1143 1639 gradus

158 1655 368 1750 cognationis
385 1653 633 1726 discernuntur.
670 1653 804 1723 Revera
819 1655 1067 1769 exemplaribus
1082 1676 1144 1725 su

155 1753 512 1846 perstitibusinvicem
534 1751 758 1841 comparatis,
794 1751 1037 1822 similitudem
1065 1776 1143 1844 per·
1184 1805 1186 1810 .

156 1853 290 1942 multis,
318 1849 544 1940 discrepantia
562 1848 599 1917 in
622 1847 695 1943 aliis
716 1849 928 1940 perspicitur.
968 1851 1034 1920 Ubi
1052 1852 1142 1920 inter
1251 1897 1252 1902 κ

109 1989 112 1996 ·
155 1953 356 2024 varietatem
375 1951 539 2020 minutam
560 1961 595 2017 et
613 1949 797 2037 majorem,
817 1949 907 2018 inter
922 1949 1085 2032 majorem
1105 1961 1142 2017 et

155 2051 341 2121 maximam
368 2051 475 2140 probe
504 2047 718 2136 distinxeris,
747 2045 905 2118 ecdicum
928 2047 1071 2118 familias
1092 2049 1145 2117 la

156 2148 392 2262 miliarumque
416 2159 538 2242 gentes
560 2145 740 2217 iuvenies.-
765 2146 850 2215 Cum
869 2163 951 2214 vero
976 2159 1080 2217 testes
1107 2147 1144 2216 in

65 2284 67 2292 ·
156 2269 221 2320 usu
243 2248 361 2318 critico
377 2245 638 2334 examinantur3
651 2239 876 2330 nonviritim,
897 2239 960 2312 sed
974 2243 1145 2316 centuria

157 2347 218 2416 tim
238 2366 356 2416 eorum
356 2343 537 2434 suffragia
555 2340 775 2432 ponderanda
796 2353 897 2432 sunt,
917 2363 961 2411 ne
975 2342 1016 2412 -id
1031 2357 1144 2416 ratum
1194 2413 1201 2424 ,

156 2445 342 2531 habeatur,
364 2442 456 2534 quod
477 2438 649 2532 proletarii
670 2449 705 2508 et
725 2439 835 2530 capite
856 2440 950 2510 censi
965 2441 1142 2523 jusserint.

157 2541 280 2636 Neque
299 2543 372 2614 duee
393 2541 524 2612 lamiliae
545 2539 643 2610 unius
658 2539 770 2631 gentis
785 2540 1003 2611 concinentes
1019 2540 1144 2611 adver-

157 2666 215 2714 sus
247 2641 386 2712 alteram
406 2652 543 2732 gentem
564 2638 672 2731 magis
694 2636 865 2708 audienda
885 2651 972 2708 sunt
1142 2649 1144 2656 ’

219 2740 322 2835 Quod
340 2741 369 2810 si
400 2740 608 2828 dispicimus,
631 2761 786 2828 quaenam
801 2751 917 2808 vetera
937 2739 1145 2829 exemplaria

158 2843 328 2911 Actorum
343 2851 376 2907 et
392 2837 629 2928 epistolarum,
644 2837 686 2906 de
702 2838 822 2928 quibus
834 2839 934 2906 unice
947 2838 1002 2908 hio
1016 2841 1147 2932 agitur,

158 2942 247 3009 inter
261 2961 299 3008 se
321 2959 422 3028 quam
436 2937 632 3022 longissime
647 2935 790 3024 distent,
811 2957 881 3003 non
895 2934 961 3006 nisi
975 2936 1146 3027 duplicem

160 3037 392 3108 diversitatem
414 3035 448 3103 in
469 3033 621 3125 plurimis
644 3047 679 3103 et
698 3032 907 3118 gravioribus
922 3033 1007 3105 locis
1024 3035 1147 3127 depre-

52 3177 55 3184 -
158 3135 356 3204 hendemus.
402 3133 524 3223 ltaque
546 3140 593 3201 ιιι
608 3130 796 3201 christiana
817 3131 961 3201 ecclesia
982 3156 1005 3208 a·
1022 3135 1143 3224 priscis

162 3233 368 3323 temporibus
397 3233 431 3299 in
458 3243 588 3343 purtem
615 3229 813 3300 orientalem
839 3241 874 3299 et
899 3233 1145 3303 occidentalem

161 3333 267 3401 divisa
282 3343 357 3416 est,
378 3331 427 3398 sic
440 3330 588 3402 universi
576 3328 766 3399 codices
756 3353 790 3397 ιιι
804 3329 940 3398 easdem
956 3328 1039 3400 duas
1055 3331 1146 3403 elas-¹

88 3442 110 3498 .‘
160 3451 216 3500 ses
232 3423 489 3499 distribuuntur.
528 3427 589 3495 Ad
610 3428 857 3498 occidentalem
877 3428 1047 3524 pertinent
1066 3429 1146 3499 libri

151 3527 347 3612 'uncialibus
369 3526 474 3598 literis
497 3526 627 3596 exarati
648 3545 860 3616 succure,
879 3523 923 3596 ad
940 3529 1146 3600 orientalem

161 3630 231 3696 lere
260 3647 377 3694 omnes
408 3625 547 3695 minutis
575 3624 679 3695 literis
708 3623 877 3715 descripti.
921 3625 1116 3717 Namque
1106 3649 1144 3695 ιιι

162 3725 313 3816 plurimis
336 3738 371 3793 ct
391 3701 595 3792 notabilibus
615 3723 817 3792 lectionibus
838 3722 887 3792 illi
907 3726 950 3794 ab
971 3723 1023 3794 llis
1045 3723 1146 3793 diffe-

160 3838 262 3912 runt,
291 3823 420 3912 sibique
446 3822 592 3889 maxime
621 3819 787 3891 africanos
816 3833 850 3892 et
877 3821 998 3892 latinos
1025 3817 1147 3915 patres

161 3925 426 4011 interpretesque
461 3919 637 3991 adiunctos
674 3918 809 3990 habent.
869 3921 1017 3990 Cunctas
1058 3929 1145 3988 verc

159 4021 372 4089 membranas
400 4031 620 4086 asennec
643 4037 697 4088 ex
724 4018 818 4088 sonte
847 4018 1027 4089 communi·
1051 4016 1146 4087 dena
1183 4093 1187 4104 ¹
