2532 4528
1057 318 1094 380 ss

110 459 398 546 aient-stabilis
414 461 624 536 auctoritatis
639 451 937 554 adoperiuntur
954 487 1024 557 qna
1041 485 1096 536 ιι.

107 563 231 646 erdere
256 561 375 648 religio
400 574 504 634 esset.
545 563 580 632 A
602 561 779 634 monachis
796 562 940 654 denique
960 564 1095 654 potissi-

65 675 67 682 ·
106 684 201 732 muru
206 710 219 750 ‚
233 659 410 732 hominnm
420 681 545 746 genem
558 662 797 750 superstruere
807 661 1002 757 diligentie
1018 665 1095 802 libri

107 760 197 830 sueri
221 761 462 830 exarabantur.

169 858 325 930 Eandem
349 881 432 931 vero
457 861 501 931 eb
528 881 688 950 eausam,
711 858 793 942 ertia
814 860 1001 952 antiquitus
1015 883 1096 952 pre·

105 960 209 1050 eipue
233 958 575 1038 lieentiaseriberum
593 972 627 1028 et
646 974 879 1038 eorreetorum
893 959 1095 1051 luxuriavit,

107 1082 178 1130 non
205 1081 265 1129 ,err
288 1071 396 1129 etate
429 1060 585 1133 eodieunr
604 1061 780 1132 sineeritaa
809 1059 966 1131 editionis
992 1083 1097 1150 quam

109 1158 473 1233 exhibentestimauda
492 1171 566 1250 eutr
591 1158 653 1233 sed
669 1180 749 1232 eum
763 1157 844 1240 alias
859 1160 1095 1231 interueniret

101 1257 258 1340 juniores
285 1271 322 1328 et
354 1271 488 1333 textum
513 1261 739 1338 reeentierem
765 1257 910 1329 multum
936 1257 1095 1348 intereat,

107 1369 184 1426 tum
206 1357 356 1430 maxime
377 1356 459 1450 in'n.
474 1359 532 1448 T„
552 1361 649 1443 eunus
674 1354 898 1447 interpolandi
917 1355 1094 1449 singularis

107 1455 251 1546 quidum
266 1456 415 1544 pruritus
429 1458 464 1530 in
482 1457 557 1549 ipsa
577 1454 775 1547 antiquitate
791 1453 974 1526 ohristiana
989 1453 1096 1524 derni-

104 1566 209 1626 natus
238 1565 300 1625 est
342 1555 422 1629 Jam
435 1577 516 1628 vero
536 1580 617 1630 eum
643 1555 784 1628 historia
809 1554 885 1636 eius
908 1552 1096 1625 editionum
1206 1631 1207 1638 1

106 1653 251 1736 deerat,
275 1655 483 1744 temporibus
502 1656 625 1741 prisois
644 1653 721 1746 plus
736 1677 838 1745 quarn
852 1653 1095 1743 posterioribus

105 1755 147 1830 in
159 1765 257 1827 textu
269 1775 371 1826 suero
387 1769 564 1845 peceatum
577 1756 704 1843 inisse,
718 1753 801 1826 hine
813 1753 1043 1836 argumentari
1056 1751 1096 1822 li-

105 1863 184 1939 tet,
199 1851 406 1941 exemplaria
422 1855 610 1944 posteriora
625 1856 668 1926 ob
682 1867 811 1926 etatem
822 1875 919 1924 suant
932 1872 1002 1922 neu
1017 1873 1096 1939 pre·

84 2007 87 2012 -
109 1951 472 2043 stautieraoerteesse,
486 1967 605 2044 utque
613 1951 857 2044 antiquioribus
865 1949 1035 2038 corruptis
1045 1948 1097 2021 ni·

108 2068 249 2146 tantur,
276 2055 339 2126 sed
368 2067 483 2127 tamen
503 2050 726 2141 plerumque'
717 2075 753 2120 ιιι
778 2046 933 2118 editionis
953 2047 1097 2118 veritate

110 2157 355 2228 vetustioribus
382 2152 477 2244 paria
492 2173 583 2223 ..ease
625 2151 746 2240 Neque
767 2149 869 2240 igitur
885 2146 1097 2216 membrana·
1146 2211 1148 2222 ,

105 2276 186 2328 auru
198 2266 350 2326 vetustas
364 2253 402 2322 in
417 2273 458 2320 re
473 2249 637 2323 eritiean.
653 2248 695 2316 Τ.
686 2295 713 2333 .,
736 2258 902 2338 quantum
906 2245 979 2314 fieri
991 2241 1098 2330 solet,

103 2365 320 2441 tantopere
312 2349 476 2431 laetanda
504 2347 645 2419 videtur
687 2346 790 2420 Plura
818 2345 954 2434 quidem
976 2367 1098 2416 monn

106 2465 227 2526 menta
247 2451 358 2524 seeuli
371 2452 418 2518 X.
437 2461 482 2518 et
487 2447 552 2518 XI.
571 2445 690 2518 elassis
706 2443 875 2518 orientalis
895 2445 1019 2532 habet,
1038 2467 1099 2516 ne-

109 2569 180 2641 qua
198 2554 283 2620 'vero
310 2561 407 2618 tanta
429 2546 628 2635 antiquitate
654 2542 795 2636 gloriari
818 2557 948 2628 potest,
972 2531 1098 2632 quanta

105 2671 140 2718 e
157 2671 200 2736 3.
226 2648 365 2721 eodiees
389 2653 464 2734 ιιι,
489 2665 635 2735 quorum
663 2641 887 2731 posteriorem
905 2640 947 2712 el.
967 2642 1098 2724 Hngius

105 2769 181 2818 aee.
201 2746 263 2816 lv.
284 2747 450 2835 seriptum
470 2764 546 2814 esse
564 2740 714 2822 conjicit.
756 2739 813 2810 Sitr
831 2739 908 2828 quie
928 2739 1005 2808 ideo
1029 2739 1099 2808 edi-

109 2848 251 2918 tionem·
260 2843 508 2917 oeeidentaimu
522 2839 737 2910 mundiorem
751 2837 942 2925 existimet,
963 2837 1098 2907 fallitur.

111 2946 208 3018 Casu
230 2944 321 3016 enirn
344 2944 418 3012 lieri
440 2941 569 3032 potuit,
589 2949 628 3008 ut
645 2935 876 3008 vetustissime
894 2934 1101 3025 exernplnria

107 3045 234 3118 elassis
274 3039 449 3114 orientalis
487 3041 531 3108 ob
557 3035 802 3108 multitudinem
830 3034 1112 3125 apographerum·

106 3143 355 3226 remanorum,
371 3140 413 3210 ub
420 3137 583 3208 incendia
592 3133 885 3220 bibliotheearum‚
900 3131 1101 3201 obfurorem

109 3242 265 3314 hostium
284 3237 394 3308 eodioi
419 3257 518 3308 suero
537 3233 741 3306 infestorum
763 3230 1019 3316 interciderent,
1042 3251 1101 3296 eo

53 3425 56 3435 ¹
111 3363 189 3408 rum
215 3353 329 3410 tamen
347 3332 500 3406 editiore
514 3331 641 3410 nostris
662 3330 838 3400 eodieibus
854 3328 1011 3419 religiose
1029 3349 1100 3395 ser

110 3451 263 3512 varemr
292 3437 361 3506 Re
382 3455 463 3502 vera
477 3431 534 3522 qui
558 3443 740 3518 supersunt
758 3414 1099 3502 Euthalienieodices

110 3539 153 3606 ιο
179 3538 283 3615 (Aet.
309 3518 361 3603 ιδ.
377 3530 496 3610 Paul.)
522 3542 557 3599 et
576 3542 693 3598 noster
718 3535 976 3618 tor..,qu01um
998 3524 1099 3593 editio

111 3633 337 3704 alexandrina
350 3631 457 3700 mixtu
472 3640 527 3698 est
540 3646 620 3707 eum
639 3624 783 3694 editione
799 3623 937 3694 Eusebii
960 3624 1101 3692 Caesare·

109 3733 224 3817 ensis,
252 3732 276 3800 ii
305 3729 499 3818 ubieunque
523 3723 690 3798 aiamilia
713 3723 863 3792 afrieana
891 3722 1102 3810 discrepant,

115 3853 192 3900 euru
215 3829 328 3898 elusae
345 3825 503 3896 orientali
524 3823 717 3894 consentire
733 3818 850 3890 solent.
894 3820 1001 3902 igitur
1021 3840 1102 3886 eeu-

108 3929 245 4022 jeetura
263 3925 421 3996 Sebelaii
432 3923 510 3996 loeo
527 3919 630 3992 modo
650 3919 823 3990 nominato
839 3941 871 4006 p
897 3927 949 3986 ιδ
966 3914 1102 3986 minime

112 4008 479 4116 remunerarentur,
499 4020 681 4096 editionem
695 4014 891 4088 orientalem
905 4035 964 4086 seu
978 4015 1022 4103 ιιι
1022 4035 1102 4084 zan
