2442 4528
185 318 281 428 tuot]
394 341 398 346 '
572 392 574 396 .
710 327 755 410 'to
771 359 811 408 11.
826 359 879 409 ur.
895 350 939 408 ln
957 357 1147 414 commutor

625 497 675 556 lu·
704 486 722 556 '.

245 609 279 665 v.
296 594 311 658 1
334 593 358 658 rl
372 586 417 677 pul
434 611 522 657 omn.
539 609 567 658 o.
583 584 668 675 plur.
683 509 772 660 7112
792 593 1034 690 ippapgapplrar
1051 595 1106 657 112
1122 611 1145 658 o.

183 687 384 781 Augustano
408 691 438 759 6.
460 688 542 767 (Gr.
557 691 632 764 55.)
676 685 794 754 Codex
810 685 1149 758 Ufl'enbaohianusha·
1211 689 1212 750 l

95 804 98 808 ’
183 785 694 888 betmgnppr‘ror-prrnrao'prror
706 785 758 857 arri
768 787 1042 877 siraprrurro'prrot.
1059 787 1151 862 Codd.
1211 767 1212 862 i

184 894 236 958 ³2.
251 893 305 955 45:
327 890 541 988 prpgeppr'va·
580 885 656 968 (Ea
677 909 695 953 e
716 886 805 956 notis
825 889 973 978 Bengelii
996 885 1149 974 exoe'rpsi,

185 1091 346 1159 Caeterum
368 1090 452 1160 alind
471 1087 858 1180 potestatem'partioulae
872 1087 936 1158 nisi
950 1089 1052 1161 habet
1066 1092 1152 1161 etiam

184 1189 308 1260 Matth.
332 1198 383 1276 19,
405 1197 454 1259 11.
477 1196 528 1272 20,
550 1195 589 1256 23
611 1189 720 1260 Maro.
741 1197 773 1275 9,
794 1197 813 1255 8
836 1189 912 1270 (ubi
932 1189 1061 1279 plenius
1084 1188 1153 1262 nal

184 1290 293 1378 μόνον,
311 1289 400 1358 siout
420 1285 501 1356 alias
523 1289 592 1356 ἀλλ’
608 1279 664 1363 iis).
704 1287 874 1379 Particula
895 1301 1006 1357 autem
1025 1293 1073 1379 pl
1089 1289 1153 1359 alibi

186 1409 323 1481 quoque
345 1385 444 1468 (Gal.
459 1395 494 1474 2,
512 1393 531 1454 l
552 1386 675 1458 Manu
696 1381 727 1476 8',
748 1388 808 1468 30)
829 1387 864 1454 in
884 1389 1027 1458 vetustis
1050 1411 1152 1458 exem-

184 1488 332 1578 plaribus
355 1508 528 1576 perperam
551 1483 702 1573 adjecta,
726 1497 760 1554 et
775 1485 923 1556 vicissim
940 1509 1025 1576 saepe
1042 1487 1152 1556 omissa

184 1586 369 1678 reperitur,
395 1606 428 1655 v.
455 1583 586 1676 Bengel.
609 1584 653 1654 ad
674 1585 748 1654 Gal·
767 1590 851 1671 2,5.
893 1584 958 1653 Hie
978 1606 1062 1654 vero
1082 1587 1153 1674 ple

184 1686 262 1756 loeo
284 1682 444 1776 parallelo
466 1683 621 1760 1Thess.
642 1693 719 1774 2,19
741 1682 827 1768 male
850 1694 1046 1774 comparato
1068 1681 1152 1774 facile

180 1787 288 1856 'inseri
308 1783 426 1874 potuit.

170 1911 176 1921 ·
254 1881 476 1956 litanialem
505 1882 622 1954 efiam.
650 1881 712 1955 alr.
742 1896 776 1952 et
797 1881 1059 1971 chrysostomo,
1088 1901 1155 1971 pro·

184 1983 286 2051 hante
316 1981 470 2068 Gnesb,
498 1981 640 2070 recipe,
661 1981 785 2052 collata
815 1982 1106 2052 animadversione
1128 1981 1156 2048 in

185 2083 263 2150 Act.
287 2088 325 2168 8,
347 2089 398 2155 21.
422 2121 459 2136 -
486 2077 679 2149 Articulum
702 2086 745 2151 τῦ
768 2081 810 2154 ol.
833 2102 906 2150 ooo.
938 2093 1079 2150 secutus
1106 2101 1157 2146 ex·

186 2201 316 2272 punge,
339 2177 429 2270 quod
444 2202 463 2249 e
476 2178 552 2285 loco
568 2176 683 2272 parall.
695 2202 730 2250 o.
748 2188 799 2270 12,
816 2189 854 2255 19
867 2177 1009 2250 fluxisse
1023 2180 1161 2249 videtur,

615 2295 654 2362 C.
678 2293 742 2363 111.

253 2396 561 2494 hasplr‘arr'v‘prir
589 2391 679 2462 sacili
708 2392 894 2462 mutatione
923 2411 942 2462 e
971 2394 1161 2462 membrana

184 2492 457 2582 prestantissima
472 2495 523 2578 17,
544 2494 725 2582 interprete
740 2491 925 2588 Aethiope,
947 2491 1034 2561 libro
1058 2491 1158 2562 slavo·

184 2593 298 2660 nicos
321 2603 354 2660 et
376 2590 494 2659 codiee
514 2590 617 2660 latino
640 2588 874 2659 demidoviano
897 2588 1067 2672 edendum
1089 2609 1160 2658 een-

184 2707 255 2761 seo.
291 2689 380 2758 Nam
401 2689 492 2779 quod
514 2688 776 2778 interpretantur
796 2691 893 2778 span
923 2711 1008 2779 quos
1032 2711 1098 2780 ego
1120 2687 1160 2754 ita

185 2787 301 2879 diligo,
324 2800 362 2856 ut
382 2785 556 2877 nunquam
577 2811 644 2856 non
660 2785 764 2854 vestri
779 2785 842 2854 sim
858 2807 997 2873 memor,
1020 2787 1161 2856 alienum

185 2897 221 2956 et
242 2907 335 2975 paene
357 2885 507 2977 ineptum
529 2898 619 2955 esset
635 2883 921 2972 additamentum,
944 2885 1003 2953 ubi
1018 2883 1063 2953 de
1078 2905 1162 2954 som·

185 2983 399 3058 mendatione
425 2985 477 3052 sui
500 2981 587 3070 apud
610 2982 692 3052 alios
714 3002 826 3050 sermo
849 2993 912 3054 est.
954 2981 1029 3050 lmo
1054 2983 1089 3050 in
1109 3001 1161 3048 ve.-

185 3081 264 3153 stris
281 3081 480 3172 precordiis
508 3077 564 3149 'me
592 3080 745 3148 ministro
766 3077 927 3166 inscripta
950 3091 1002 3147 est
1024 3074 1161 3170 epistola

184 3202 262 3250 mea
281 3178 556 3250 commendatitia
576 3174 762 3248 seeundum
782 3175 986 3248 versiculum
1000 3183 1039 3262 3,
1063 3176 1099 3244 in
1112 3195 1161 3242 ro«

184 3277 237 3362 bis
260 3278 479 3370 cognoscitur
499 3299 575 3346 mea
603 3297 724 3365 opera,
752 3283 863 3344 meum
885 3275 1064 3363 meritum,
1093 3292 1163 3342 mea

183 3374 269 3446 laus.
312 3375 422 3444 Etiam
448 3376 554 3468 magis
582 3373 649 3444 hoe
671 3385 764 3463 patet
784 3394 803 3443 e
824 3374 928 3442 verbo
958 3375 1163 3472 φανερόμενοι,

186 3472 279 3565 quod
299 3473 389 3544 haud
412 3474 510 3545 dubie
532 3473 574 3544 ad
589 3471 782 3542 Corinthios
802 3472 957 3545 refertur.
993 3472 1163 3563 Quoniam

184 3593 267 3641 vero
289 3572 324 3640 hi
345 3571 511 3652 manifesti
527 3573 680 3640 omnibus
698 3582 793 3659 sunt,
815 3591 897 3662 ergo
911 3569 1076 3660 epistola,
1100 3587 1162 3658 qua

186 3671 229 3740 ab
251 3671 405 3740 omuibus
428 3668 616 3738 hominibus
638 3669 779 3760 legitur,
801 3669 834 3736 in
856 3667 1041 3738 Corinthiis
1066 3667 1163 3758 ipsis,

183 3790 260 3837 non·
283 3769 318 3836 in
338 3766 443 3837 Paulo
472 3769 658 3858 perscripta
681 3778 742 3836 est.
785 3768 952 3836 Praeterea
972 3765 1099 3856 linguae
1119 3762 1162 3831 le·

184 3887 245 3955 ges
268 3867 486 3955 scripturam,
507 3888 609 3956 quam
631 3886 694 3954 ego
717 3864 840 3952 probo,
860 3863 1032 3932 vindicare
1049 3863 1164 3932 viden·

182 3973 256 4047 tur,
277 3962 401 4054 alioqui
421 3971 449 4034 ir
462 3971 501 4056 τῇ
518 3972 633 4064 rugila
649 3968 731 4050 ἤμῶν
751 3961 863 4030 dicere
878 3961 1034 4054 debebat·
1073 3959 1162 4030 Arti-

184 4057 305 4128 ficiosa
324 4063 411 4130 enim
434 4073 525 4134 esset
539 4061 625 4131 ratio
640 4061 682 4130 de
697 4059 893 4150 Timotheo,
913 4059 969 4150 qui
984 4057 1162 4148 epistolam

295 4194 299 4203 0
1035 4165 1109 4213 una
