2480 4528
108 314 113 330 ‘
204 331 265 400 tob
669 361 671 366 ·
943 355 988 402 tu
1004 352 1159 407 ruerunt

205 481 280 554 edd.
297 491 327 552 1.
345 487 403 552 118
426 495 460 551 et
474 481 603 572 coptus
626 495 1044 574 emanarunt;·utrumque
1064 499 1094 554 et
1111 491 1162 557 ω’.

206 583 308 674 ψνχῖἷς
325 594 359 650 et
373 585 449 654 καί-
458 585 562 673 ἰσχύος
574 582 719 672 primum
733 583 918 672 interiisse,
942 582 1060 652 deinde
1074 595 1162 678 auten

205 681 372 771 posterius
394 683 585 750 membrum
606 680 797 770 suppletum
819 702 898 750 esse
921 681 1098 770 putandum
1117 696 1161 751 est

204 779 361 870 Namque
383 779 478 851 iniis
501 779 713 849 documentis
736 781 784 848 ita
799 781 1095 869 transponebatur:
1114 783 1163 853 rd-

205 883 306 972 ἰσχύος
331 875 555 959 καῖψνυνέσεως,
640 887 642 891 ’

267 1003 301 1055 ν.
316 982 368 1056 31.
396 971 429 1056 ἕν
451 993 589 1050 secutus
613 980 656 1053 el.
678 1004 753 1058 our,
776 976 861 1052 dele.
901 980 1076 1050 invectum
1096 1003 1132 1049 ex
1147 980 1164 1052 1.

204 1105 238 1172 p.
253 1080 378 1154 Mattb.
393 1087 446 1168 22,
460 1087 502 1152 45
522 1083 603 1156 Luc.
618 1091 671 1169 2ο,
685 1083 744 1167 dd,
768 1079 856 1147 unde
879 1091 1041 1166 praeterea
1061 1085 1130 1168 otyor
1141 1079 1165 1145 in

205 1187 296 1262 eutr?
314 1193 348 1250 et
368 1177 463 1253 πάθεν
485 1181 519 1249 in
539 1185 600 1259 πὸς
626 1183 660 1250 in
681 1179 851 1248 veteribus
872 1176 966 1246 libris
986 1180 1166 1246 mutabatur.

264 1305 298 1357 ν.
313 1283 365 1357 to.
393 1279 545 1348 Adverte
568 1282 610 1350 ad
625 1280 891 1349 additamentum
905 1273 954 1348 rui
968 1280 1097 1377 ignardi
1108 1291 1166 1365 post

204 1381 301 1482 χ’ννςὸν
320 1381 355 1448 in
371 1385 458 1470 Syro
471 1379 556 1448 hier.
573 1381 615 1448 It.
634 1399 656 1446 n
675 1387 723 1454 13,
739 1387 791 1446 28.
806 1380 857 1451 69.
874 1384 944 1447 121.
959 1379 1023 1446 316
1044 1377 1167 1461 obvium,

206 1479 299 1570 quod
320 1491 458 1568 propter
479 1477 504 1548 1.Ι
523 1501 554 1568 p.
577 1478 703 1553 Matth.
724 1482 840 1565 2211
861 1477 943 1552 Luc.
965 1474 1165 1565 2217111111

206 1578 433 1648 omittebatur.

268 1699 301 1744 v.
316 1681 365 1748 13.
396 1685 476 1769 λέγει
496 1679 635 1749 restitue
642 1707 661 1768 ‚¹
675 1675 766 1768 quod
788 1673 888 1746 etiam
909 1676 1021 1764 reperi
1041 1675 1075 1743 in
1091 1673 1135 1748 ed.
1147 1681 1166 1746 1.

205 1776 296 1846 Nam
315 1776 359 1849 el.
382 1799 476 1864 oen,
504 1799 548 1852 ex
571 1799 639 1868 qua
661 1777 793 1848 Griesb.
815 1786 849 1842 et
871 1773 1007 1863 Knapp.
1035 1771 1105 1846 rim»
1128 1794 1168 1841 ae-

180 1917 182 1926 ·
207 1887 386 1966 ceperunt,
410 1875 444 1943 in
466 1875 662 1958 hujusmodi
683 1875 785 1942 rebus
809 1872 852 1942 ad
873 1871 1075 1962 elegantiam
1089 1871 1167 1960 perti·

206 1973 383 2062 uentibus,
406 1973 635 2064 subsequente
656 1995 738 2040 mox
759 1963 863 2040 verbo
885 1977 982 2057 λέγω,
1004 1973 1168 2060 suspeetior

207 2085 270 2147 est.
305 2073 528 2142 Conseruntur
551 2072 574 2148 l.
595 2095 628 2161 p,
645 2073 726 2143 Luc.
742 2079 794 2158 21,
811 2076 831 2137 3
851 2082 888 2138 et
907 2082 1028 2140 nostra
1049 2082 1122 2138 note
1138 2066 1167 2136 ad

206 2171 314 2239 Mare.
337 2179 375 2258 5,
397 2173 427 2246 7.

95 2265 97 2269 ’
264 2292 296 2336 ν.
312 2271 360 2339 tt.
392 2271 517 2338 Parum
539 2270 603 2342 sibi
626 2280 783 2339 constant
805 2269 951 2338 editores
979 2268 1069 2350 (non
1089 2285 1167 2335 eree·

207 2368 272 2454 ptis
288 2367 421 2438 Griesb.
444 2383 478 2438 et
492 2371 655 2457 Vatero),
677 2369 734 2459 qui
755 2365 854 2444 adiri}
875 2379 911 2436 et
932 2367 1056 2437 eodem
1077 2381 1168 2436 tenore
1204 2417 1205 2459 ,

207 2467 259 2536 bis
273 2469 376 2547 adiit,
390 2488 500 2557 neque
516 2468 625 2539 minus
641 2471 673 2536 in
690 2468 711 2537 1.
730 2491 761 2556 p.
778 2467 859 2536 Luc.
875 2473 911 2533 21
917 2515 927 2554 ,
941 2471 961 2534 1
977 2472 1078 2546 adiuti
1090 2463 1167 2537 scribi

94 2567 101 2580 ’
203 2564 389 2644 jusserunt,
436 2565 544 2635 Detur
565 2567 678 2658 itaque
701 2567 821 2635 Marco
844 2563 923 2633 item
945 2567 1059 2645 αυἽοῒς.

258 2855 291 2904 ν.
303 2837 351 2905 18.
370 2841 386 2906 d
400 2833 476 2920 ruod
491 2838 574 2923 ὑμῶν
590 2835 685 2904 abest
700 2857 719 2902 a
732 2832 869 2919 ebore,
884 2833 1051 2919 probante
1061 2827 1158 2903 Griesb

208 2930 242 2997 in
258 2930 388 3005 Comm.
404 2952 451 3005 er.
468 2931 503 3000 ΙΙ
524 2955 557 3022 ρ.
574 2936 645 3014 172,
681 2932 860 3000 Inventum
882 2953 900 2997 e
921 2929 942 2998 1.
959 2950 992 3019 p.
1008 2927 1167 3009 Mantum,

208 3036 267 3116 20,
289 3027 378 3104 unde
401 3033 500 3098 etiam
522 3029 672 3106 nonnulli
693 3034 771 3120 nudi
785 3029 929 3116 custodio
952 3028 1124 3106 addebant.
1140 3059 1168 3074 ··

208 3124 250 3204 In
273 3125 361 3194 od.1
384 3127 498 3202 inveni
519 3131 601 3220 ῠμὸν
627 3136 652 3214 ἐν
677 3127 830 3219 peteremus.

269 3249 301 3296 ν.
314 3228 365 3295 27.
393 3227 584 3296 Pronomen
605 3239 683 3316 post
702 3229 853 3315 olyntum,
874 3248 893 3295 e
911 3226 934 3295 1.
950 3249 981 3315 p.
998 3225 1117 3308 Mattb.
1130 3219 1167 3306 11,

208 3329 246 3398 tt
269 3321 453 3414 insertum,
475 3338 612 3408 auctore
636 3323 677 3393 oi.
701 3347 774 3402 oce.
796 3336 1021 3415 expungatur.
1048 3383 1059 3394 „

271 3589 303 3650 v.
318 3577 348 3646 9.
377 3575 467 3650 edio,
485 3571 574 3668 quod
590 3599 610 3644 a
626 3573 666 3643 ol.
683 3597 753 3659 oco.
771 3574 885 3662 abest,
906 3583 1102 3661 suspectum
1116 3577 1166 3635 est:

209 3686 254 3752 en
276 3667 297 3740 1.
319 3689 351 3759 p.
374 3669 566 3758 Mantum,
584 3677 622 3742 13
643 3671 755 3742 invehi
777 3681 919 3761 poterat.
970 3671 972 3674 ’

270 3789 302 3835 ν.
319 3766 370 3840 20.
400 3771 575 3870 ἀποκριθνίς
596 3769 782 3840 seeundum
804 3768 845 3837 cl.
868 3790 943 3840 oce.
966 3775 1166 3857 expungatur.

210 3861 264 3928 Ex
280 3863 302 3930 1.
319 3889 350 3952 p.
366 3865 489 3933 Matth.
505 3871 557 3954 26,
573 3875 613 3936 23
635 3891 703 3936 non
719 3868 828 3936 minus
843 3865 990 3951 illatum,
1012 3887 1113 3954 quam
1124 3880 1166 3926 er-

213 3973 310 4036 cnnte
340 3975 504 4044 commate
526 3963 560 4046 in
582 3964 651 4049 aliis
676 3963 725 4052 τνῗν
751 3969 856 4068 reign,
886 3965 919 4032 in
941 3963 1013 4048 aliis
1042 3961 1166 4043 udio'ttt‘

213 4059 386 4148 nagoidren
769 4065 773 4070 ⁴
803 4073 808 4084 '
