2480 4528
72 323 300 396 etrumgxxrsr
744 347 748 358 ¹
984 319 1047 384 273

74 453 249 534 exhiberet
256 495 276 546 ,·
288 455 443 532 librarius
466 459 574 531 oculis
593 459 824 535 aberrantibus
845 467 912 536 o‘el
934 469 1047 567 integ.

71 554 162 628 em·
186 557 569 645 estam-omissuros*
594 557 1047 661 adpre-rienndescribebat
1136 571 1144 583 “

69 657 202 730 Censor
226 653 347 723 deinde
369 675 501 730 comma
523 657 686 728 omissum
706 661 794 729 iutra
815 659 919 731 lineas
942 661 1047 730 collo-

69 753 182 821 cabat
223 746 397 823 Posterior
421 755 534 825 scriba
554 778 621 825 una
642 756 731 836 serie
747 760 764 830 ὅ
779 762 813 830 dl
827 759 938 860 decep.
956 755 1046 828 einer*

68 851 91 918 ἐ
112 851 399 939 etna-inmitia
416 864 450 924 et
463 865 541 943 post
555 852 690 926 demum
704 857 807 926 verba
821 857 1047 948 superscripta
1063 893 1065 898 ·

66 1028 133 1098 sed
155 1051 257 1102 sensu
277 1030 468 1126 requirente
483 1029 633 1106 numeris
647 1034 694 1106 ita
708 1033 868 1128 appositis
882 965 939 1122 de
954 1040 1047 1140 adpre·

397 1161 419 1198 d
789 1197 794 1202 .

64 1208 122 1280 nal
143 1211 183 1280 ἐκ
198 1212 332 1282 imnis·
374 1211 618 1312 ltoirrpoeotddr
634 1221 678 1302 τῷ
695 1215 779 1315 iiiprp
796 1209 853 1286 tior.
871 1219 977 1294 cicadi-
1020 1219 1048 1290 <l

63 1312 107 1379 di
122 1311 178 1379 dn.
197 1305 255 1382 ein.
274 1310 407 1381 inversa
427 1313 557 1381 ratione
576 1312 755 1382 inserebat.
789 1312 886 1384 Alius
902 1314 1047 1406 denique

65 1429 204 1496 censor,
222 1410 293 1489 jam
315 1411 509 1500 permutatis
531 1408 689 1482 membris
713 1410 890 1502 orationis,
910 1408 1046 1513 dirigor

5 1553 6 1556 =
61 1508 105 1576 in
124 1509 270 1608 inediae
291 1511 452 1583 mutabat.
488 1510 544 1578 Sin
568 1523 679 1579 autem
699 1509 854 1601 vulgatus
874 1509 956 1580 ordo
971 1534 1047 1579 ver-

4 1649 5 1656 1
61 1606 190 1675 borum
215 1628 393 1701 germanus
423 1620 532 1696 esset,
560 1630 650 1698 aeque
672 1607 733 1680 sed
754 1608 922 1677 contrario
944 1609 1047 1678 modo

3 1725 6 1758 ³
61 1702 264 1790 depravatio
286 1703 524 1794 explicaretur.
558 1706 674 1780 Scriba
695 1719 765 1774 tum
785 1709 888 1776 verba
906 1709 1047 1786 ἐθέλω-

3 1849 7 1856 -
62 1797 145 1870 εἷπεν
162 1801 451 1890 praetermittebat,
474 1821 595 1872 censor
610 1804 735 1873 omissa
749 1803 909 1892 addebat,
931 1818 1047 1896 poste·
1133 1887 1140 1900 ἱ

59 1900 141 1968 rior
162 1899 274 1970 scriba
296 1919 337 1968 ea
357 1900 506 1968 secundo
529 1901 605 1970 looo
621 1901 762 1992 ideoque
778 1903 912 1970 inverso
928 1901 1046 1970 ordine

2 2019 5 2056 2
59 1999 310 2086 interserebat,
332 1998 467 2067 tandem
489 1998 572 2068 alius
595 2019 727 2086 censor,
748 2010 786 2066 ut
804 1995 969 2068 sententia
982 1999 1046 2068 sibi

2 2119 4 2126 ·
59 2106 261 2183 constaret,
281 2096 429 2196 enpd'ln
443 2097 587 2166 faciebat
600 2090 707 2197 ὅςεςος
723 2095 794 2164 sive
810 2091 939 2190 inpletae.
967 2098 1047 2166 Janr

1 2228 4 2237 ·
58 2214 155 2262 vero·
176 2191 330 2274 judicare
359 2206 511 2283 oportet,
539 2194 606 2262 utri
630 2194 744 2286 generi
767 2195 904 2262 testium
924 2193 989 2262 hac
1009 2195 1046 2262 in

1 2355 2 2358 ,
56 2313 103 2360 re
125 2289 236 2360 miuus
260 2290 471 2359 diffidendum
493 2291 549 2363 sit.
589 2291 741 2358 Maxime
764 2311 881 2358 eorum
902 2290 1046 2380 antiqui-

1 2402 7 2456 2
56 2401 120 2459 tas
145 2389 181 2456 in
204 2387 367 2470 ejusmodi
395 2387 670 2478 interpolatione,
699 2409 772 2478 quae
795 2411 813 2460 a
834 2388 1046 2458 multitudine

1 2521 2 2556 1
56 2483 301 2576 exemplorum
328 2486 480 2576 profecta
508 2499 577 2574 est,
604 2487 788 2573 spectanda
814 2497 849 2555 et
871 2488 1044 2578 probanda

1 2619 4 2656 ,·
55 2585 144 2660 erit.
184 2582 249 2652 Sed
271 2605 291 2652 e
313 2583 388 2656 odd.
410 2606 463 2676 gr.
483 2583 593 2653 nullus
615 2585 770 2652 vaticano
794 2585 868 2672 (e),
897 2606 942 2653 ex
968 2585 1044 2659 intt.

51 2705 168 2753 neruo
182 2682 266 2766 Syro
289 2680 373 2751 hier.
397 2681 563 2772 antiquior
585 2693 646 2750 est.
682 2682 778 2752 Inest
799 2681 934 2773 quidem
954 2682 1043 2753 iniis

3 2849 6 2858 ,
52 2801 204 2873 quoque
227 2779 379 2850 nonnihss
402 2777 617 2870 corruptelae,
638 2780 700 2850 sed
716 2779 926 2870 simplicioris
940 2802 1043 2874 gene-

1 2924 9 2954 ι,
49 2880 125 2954 ris.
169 2879 296 2948 Nostro
326 2889 437 2968 autem
464 2877 541 2947 loco
570 2890 722 2968 quatuor
737 2878 862 2971 gradus
891 2878 1044 2949 derivate

5 3045 10 3056 ,
48 2975 332 3067 interpolationis
356 2974 459 3047 statui
480 2987 633 3066 oportet,
654 2977 688 3043 id
707 2975 797 3066 quod
811 2977 983 3047 haudscio
999 2997 1043 3046 au

1 3121 2 3124 =
44 3076 139 3148 istis
163 3097 302 3146 summae
316 3073 492 3144 vetustatis
511 3072 720 3142 documentis
735 3075 920 3146 conveniat.
954 3073 1043 3141 Tum
1087 3097 1090 3102 ·

1 3259 3 3263 .
46 3176 89 3246 si
121 3171 271 3264 vulgaris
302 3171 384 3242 ordo
413 3194 592 3264 germanus
623 3185 736 3261 esset,
765 3175 864 3242 etiam
889 3175 907 3242 ὁ
929 3173 1043 3272 egilae

130 3349 348 3421 Griesbachio,
366 3349 503 3407 ordinem
520 3351 567 3407 cd.
583 3367 601 3406 a
619 3349 655 3404 ad
671 3350 763 3404 instar
779 3364 809 3404 v.
821 3351 854 3402 ³2
871 3348 1042 3403 conforma.

128 3445 199 3492 tum
216 3449 299 3503 esse,
314 3433 366 3488 ubi
383 3433 530 3506 principes
548 3432 665 3504 priore,
681 3431 844 3503 portitores
863 3440 892 3485 et
906 3431 1042 3486 meretri-

128 3531 186 3572 ces
203 3517 371 3587 posteriore
388 3517 458 3570 loco
477 3513 617 3570 collocati
633 3523 748 3582 essent,
766 3522 830 3568 tum
842 3529 859 3567 a
869 3513 1040 3580 Manliano,

126 3613 226 3654 uutrm
241 3597 333 3652 filium
351 3597 387 3654 ad
402 3597 540 3666 Judaeos,
562 3598 686 3652 alterurn
704 3592 740 3649 ad
756 3595 879 3665 gentiles
896 3595 1038 3662 relatum,
1084 3647 1092 3660 ,,

128 3690 163 3738 et
175 3681 220 3736 sic
231 3697 286 3751 pro
295 3678 484 3750 ‚temporibus
497 3678 664 3734 ordinatum
676 3694 754 3746 esse,
766 3687 831 3732 tum
844 3695 859 3730 a
872 3677 1040 3733 Fritzschio

129 3764 163 3817 in
178 3761 293 3818 March.
306 3781 336 3836 p.
346 3761 411 3832 641,
428 3761 566 3819 librarios
583 3763 716 3834 ineptum
733 3763 891 3819 consilium
908 3763 1037 3834 cepisse,

129 3851 244 3948 erpoi'lot
268 3879 298 3916 v.
310 3865 343 3915 31
360 3860 390 3915 in
411 3837 531 3935 ἶσχαίῖος
552 3877 605 3916 seu
627 3841 732 3949 ile-agee
754 3860 902 3926 mutandi,
925 3866 959 3913 ut
974 3867 1041 3928 pert

130 3942 213 3996 versi
230 3941 370 3996 homines
387 3957 528 4014 perverse
545 3943 776 4014 responderent,
794 3961 858 4017 quae
870 3950 940 4014 post
952 3954 1102 4014 occe-3:04

131 4022 181 4079 sio
198 4023 387 4095 pervertendi
410 4041 440 4080 v.
458 4028 500 4085 29.
519 4027 552 4080 30
573 4024 671 4082 tuerit.
807 4096 847 4158 33
1100 4026 1105 4030 ’
