2474 4528
985 299 1051 368 >2³⁹
1068 297 1069 302 '

71 413 293 518 silentio-non
318 443 508 518 obmisset:'
521 443 613 537 quod
631 444 802 520 silentium
812 409 870 518 me
884 445 1052 540 prohibet,

71 567 139 635 quo
159 543 270 614 minus
292 542 335 613 ad
356 545 486 615 somnia
505 545 742 616 recensionem
758 549 968 642 confugiam,
988 571 1052 618 no-

70 644 149 714 stris
164 645 314 714 moribus
332 643 375 713 ad
390 644 621 736 antiquitatem
634 656 760 714 temere
771 645 951 722 translatis.
976 648 1053 718 Mo·

67 766 151 812 veor
178 755 337 832 praterea
366 741 559 812 conditione
577 740 765 857 codicum,
785 767 863 834 que
885 745 1051 828 ejusmodi

69 854 142 928 est,
163 854 202 910 ut
223 865 291 910 nou
314 840 357 910 ob
380 861 517 929 operam
538 840 690 912 criticam
709 843 745 911 in
767 841 918 914 diversas
937 858 1049 932 partes

69 939 180 1029 abire,
201 938 278 1010 sed
275 961 341 1029 pro
364 938 525 1008 varietate
545 939 721 1032 regionum
744 953 778 1011 et
795 940 1052 1012 ecclesiaruma

66 1037 209 1132 singulis
225 1037 416 1126 archetypis
433 1036 564 1132 singula
577 1059 704 1132 genera
724 1037 956 1128 exemplorum
962 1029 1052 1110 mul·

67 1137 220 1228 tiplicata
240 1157 316 1206 esse
338 1135 526 1225 videantur,
546 1135 581 1205 id
602 1150 674 1226 est,
696 1149 730 1206 et
744 1137 966 1209 occidentalia
982 1139 1052 1217 (la-

67 1237 139 1306 tina
150 1257 192 1304 ac
209 1234 371 1312 africana)
382 1244 418 1302 et
432 1233 613 1306 orientalia.
641 1236 755 1306 Aliam
770 1235 916 1306 indolem
930 1260 996 1328 prae
1012 1259 1051 1308 se
1165 1293 1169 1302 ,

66 1335 184 1403 ferunt
202 1333 402 1424 interpretes
425 1333 595 1404 Armenus
618 1345 652 1403 et
673 1334 797 1423 Syrus,
828 1337 885 1427 qui
907 1359 968 1427 pro
989 1339 1052 1408 sua

66 1432 308 1519 instabilitate,
334 1429 436 1502 modo
459 1431 624 1503 afamilia
644 1430 722 1521 lat,
749 1433 850 1504 modo
872 1437 913 1506 ab
936 1436 1052 1524 afric„
1120 1498 1126 1506 .

66 1531 173 1602 modo
195 1555 216 1600 a
236 1529 345 1600 classe
374 1528 527 1600 orientali
555 1512 759 1620 pendentes,
787 1531 885 1628 nobis
911 1555 1052 1625 ρει-ιιι

67 1631 169 1718 dent,
190 1646 248 1699 eos
266 1625 513 1714 exemplaribus
528 1627 677 1722 undique
695 1631 892 1744 conquisitis
908 1644 943 1702 et
956 1655 1051 1703 com-

67 1729 214 1819 paratis,
242 1737 375 1796 textum
397 1747 532 1796 sacrum
553 1729 644 1817 prius
663 1730 924 1823 recognovisse,
950 1753 1057 1824 quam

66 1826 268 1900 reddidisse

132 1925 230 1996 Idem
251 1921 522 1994 Griesbaohius
513 1947 547 1994 m
568 1925 821 2022 Prolegomenis
843 1928 886 2000 ad
905 1952 936 1997 ιι.
954 1928 1012 2004 Τ
1016 1952 1053 2042 pt

66 2025 223 2098 LXXIV
244 2023 460 2095 codicem-'s
451 2046 486 2094 ιιι
502 2023 564 2092 Εν.
578 2019 727 2094 Matthaei
748 2027 938 2096 recensioni
959 2028 1052 2097 occi-

68 2122 247 2214 doureh,
236 2147 271 2193 m
292 2123 471 2237 postremis
486 2121 641 2194 Matthaei
661 2125 826 2215 capitibus
849 2125 937 2194 etin
959 2139 1053 2196 oete·-

65 2226 115 2296 ris
137 2225 200 2296 Er.
222 2222 412 2294 recensioni
434 2221 656 2292 alexandrina
677 2236 855 2312 accenset,
876 2247 977 2316 quam
995 2247 1053 2293 ra-

67 2323 199 2391 tionem
223 2321 259 2389 in
289 2320 530 2390 commentario
558 2319 676 2390 critico
704 2341 793 2410 saepe
822 2333 960 2392 secutus
989 2333 1054 2398 est,

66 2421 145 2512 Ego
166 2441 248 2489 vero
268 2419 358 2488 hano
379 2417 640 2488 inconstantiam
660 2441 730 2488 non
749 2419 870 2508 reperi.
905 2418 947 2492 E.
961 2442 996 2511 g.
1016 2418 1054 2490 in

65 2517 197 2589 Manh.
217 2540 247 2587 o.
269 2527 289 2592 9
310 2541 329 2586 n
352 2516 530 2609 quinquies
554 2516 690 2610 quidem
712 2539 788 2586 oum
810 2537 832 2584 n
854 2516 954 2605 facit,
982 2517 1055 2587 dis-

66 2615 290 2686 sentientibus
307 2614 396 2689 alex.
412 2613 490 2684 odd.
507 2636 571 2704 cn,
591 2611 652 2685 sed
668 2619 781 2685 tamen
795 2615 1054 2684 concinentibus

67 2712 228 2785 africanis
257 2712 496 2803 interpretibus
518 2714 626 2804 Copto
650 2712 704 2783 vel
726 2713 883 2784 Sahidico
906 2713 962 2782 vel
982 2717 1055 2784 Ae-
1134 2773 1136 2782 .

66 2811 185 2901 thiope
207 2805 263 2882 vel
276 2813 427 2881 Armeno
448 2811 544 2881 iniis
566 2810 649 2882 locis
673 2834 751 2881 cum
770 2832 836 2901 sn,
858 2812 905 2881 ita
921 2823 960 2881 ιιι
976 2811 1055 2884 cod.
1104 2895 1106 2904 y

66 2934 87 2980 s
118 2909 289 2982 africanus
318 2931 491 2980 essenon
521 2909 661 2982 desinat.
706 2909 816 2980 Semel
844 2923 973 2979 tantum
1002 2927 1055 2980 nn

67 3007 146 3079 sine
173 3006 242 3078 ulla
271 3006 418 3078 africana
440 3009 639 3080 auctoritate
659 3008 694 3076 in
714 3007 772 3077 illo
796 3008 904 3098 capite
926 3029 1055 3076 conve-

65 3110 179 3181 niunt.
216 3108 341 3178 Contra
361 3106 540 3198 quinquies
555 3131 575 3177 ι
591 3129 647 3177 an
668 3107 845 3177 discedens
870 3128 948 3174 cum
963 3128 983 3174 ι
998 3101 1056 3175 vel
1075 3192 1077 3197 Ι

68 3230 89 3274 o
111 3205 171 3274 vel
186 3203 331 3318 Origene
352 3203 409 3274 vel
427 3203 553 3295 Cyrillo
576 3205 665 3275 alex
688 3205 742 3274 vel
756 3204 867 3276 Sabid.
893 3203 1054 3274 concinit.

66 3304 170 3376 Unde
199 3293 385 3395 colligitur,
418 3324 496 3372 eum
518 3299 621 3373 etiam
641 3303 676 3372 in
696 3303 855 3373 Matthaeo
878 3301 1057 3392 africanis,
1103 3339 1108 3353 f

67 3426 141 3472 non
163 3400 274 3472 latinis
297 3400 508 3470 documentis
530 3403 703 3472 accenseri
727 3414 894 3491 oportere.

137 3499 353 3570 Clarissimus
382 3497 564 3592 Huqins
555 3523 590 3568 m
617 3498 902 3568 introductione
894 3522 928 3567 ιιι
955 3521 991 3568 ιι.
1012 3497 1057 3572 Τ.

69 3599 149 3674 Vol
165 3609 182 3669 1
205 3622 238 3688 p.
253 3606 314 3668 223
336 3596 424 3667 eds
445 3596 618 3668 codicibus
641 3619 734 3666 ιιιιι
754 3603 805 3670 tr.
821 3599 891 3672 106
908 3600 978 3666 stt.
996 3597 1058 3668 116
1145 3645 1154 3656 .

70 3700 246 3789 Mosq.10
267 3695 472 3789 singularem
489 3708 603 3768 textus
626 3696 859 3766 recensionem
880 3696 1058 3785 contineri,

73 3812 108 3867 et
131 3811 170 3868 nt
194 3797 359 3895 Origenes
387 3796 544 3886 haberet,
574 3797 695 3894 quibus
725 3795 909 3886 gauderet,
937 3815 1058 3861 eorum

71 3893 255 3966 editionem
280 3891 419 4009 Origeni
444 3895 517 3966 seni
538 3894 747 3964 tribuendam
769 3891 885 3980 duxit,
912 3889 1057 3960 licetne

72 3999 211 4094 abipso
234 3995 400 4088 quidem'
390 4019 425 4065 ιιι
447 3994 518 4066 suis
542 3990 675 4083 scriptis
700 3989 892 4063 adhibitam.
933 3987 1057 4060 Verum
