2480 4528
63 361 157 418 error
171 358 259 415 xxrr.
913 390 914 396 κ
949 331 1014 398 2⁷⁹

116 621 144 674 v.
160 605 186 668 l.
215 593 275 668 inl
296 595 338 670 dd
364 596 442 696 bapt,
468 591 624 695 bropedelo,
651 591 699 662 ila
726 587 969 662 emendandum
993 611 1013 660 ο
1042 577 1048 586 ’

58 693 238 786 Sprodier.
266 706 299 764 ct
319 693 389 762 fere
410 692 565 764 omnibus
587 693 660 761 inu.
684 689 759 764 cdd.
779 711 831 781 gr.
851 711 900 758 ut
923 697 950 758 1.
973 697 1014 759 13

57 799 100 861 33.
113 795 158 866 69.
173 796 241 868 106.
256 795 324 860 121.
338 793 400 863 1⁵7
420 788 570 882 aliisque.
607 791 691 858 Cum
713 788 844 857 doctior
865 799 915 857 est
931 788 1015 857 sori-

56 903 157 978 ptura,
177 913 241 981 qua
261 891 440 990 παρεῶσθαι
459 901 498 958 ut
521 885 776 974 attritorum
799 889 878 956 Luc.
893 895 944 975 10,
959 888 1016 964 38)

56 995 236 1078 usurpatur,
269 987 402 1082 quando
433 989 469 1056 in
500 987 618 1055 itincre
647 984 772 1075 aliquid
800 998 912 1054 actum
943 996 1015 1074 est,

56 1109 149 1176 quam
172 1085 358 1156 absolutam
390 1097 592 1174 potestatem
624 1080 815 1152 ambulandi
843 1084 900 1172 qui
927 1081 1014 1151 male

11 1175 12 1182 '
53 1185 273 1274 perciperent,
304 1185 408 1253 verba
434 1181 681 1272 transposuisse
712 1180 878 1255 videntur.
927 1181 1015 1250 Tum

53 1281 169 1376 vulgari
189 1281 306 1350 ordine
327 1281 436 1349 minus
459 1279 652 1349 distinctam
673 1279 740 1348 vim
757 1279 920 1350 haberent
934 1277 1016 1370 ἣξελ-

52 1379 109 1450 θόν
131 1391 161 1448 et
184 1379 344 1480 tragedeia,
369 1391 404 1447 et
423 1374 582 1446 Matthaeo
611 1377 722 1468 potius
751 1402 854 1448 unum
875 1381 1014 1448 verbum

54 1477 242 1548 satisfecisse
272 1478 426 1548 arbitror.
475 1471 564 1544 Nam
592 1475 682 1566 quod
705 1474 872 1550 Fritzsch.
900 1500 933 1566 p.
954 1480 1016 1551 696

50 1576 142 1646 verba
160 1573 220 1650 ind
240 1580 284 1648 eii
305 1579 377 1675 lep„
401 1572 517 1642 ordine
539 1572 675 1665 vulgato
697 1587 849 1663 servato,
871 1574 913 1643 ad
933 1573 1015 1666 ἐξελ.

11 1705 12 1710 ’
52 1674 107 1744 &dr
124 1677 256 1744 nomine
278 1671 456 1761 hyperbati
478 1673 661 1758 construit,
683 1694 819 1760 vereor,
839 1685 877 1741 ut
897 1673 1017 1743 sinrilia

50 1773 191 1863 exempla
213 1775 247 1843 in
268 1795 301 1840 n.
318 1771 359 1840 T.
374 1771 407 1838 in
423 1783 557 1859 promtu
572 1769 703 1840 habeat
741 1772 900 1841 Ceterum
917 1774 1016 1862 scito,

11 1915 12 1920 κ
51 1873 329 1941 constructionem
350 1870 527 1969 ὶξίςχισθω
543 1867 604 1942 εἰπὲ
620 1868 700 1940 ro'na
721 1868 880 1939 Matthaeo
897 1871 1016 1940 famili·

48 1989 131 2036 arem
145 1991 237 2040 esse:
261 1991 293 2044 c.
306 1975 359 2055 20,
371 1969 421 2042 ab.
444 1977 496 2054 28,
510 1973 541 2041 8.
574 1967 736 2036 Nostram
751 1967 1016 2038 emendationem

44 2064 109 2144 jam
129 2067 222 2136 llczae
244 2079 281 2136 et
304 2065 461 2160 bengelio
481 2063 667 2158 placuisse,
693 2064 918 2155 Schulzioque
937 2088 1016 2157 pro·

45 2161 111 2232 bari
129 2187 222 2234 nuuc
242 2163 358 2236 video.

98 2298 129 2347 v.
144 2280 195 2352 36.
225 2280 284 2348 ddi
309 2278 405 2354 e‘vio‘r
422 2288 500 2366 post
524 2278 634 2375 sper&
654 2269 856 2369 probabilius
880 2277 1017 2368 dogma·

44 2371 113 2443 ticis
142 2375 333 2445 rationibus
364 2375 499 2444 adducti
528 2397 687 2446 censores
715 2376 817 2470 'vulgo
845 2374 1016 2462 delerunt,

43 2491 138 2561 quam
160 2495 178 2543 s
199 2473 222 2544 l.
245 2496 281 2565 p.
302 2472 411 2543 Marc.
434 2480 491 2562 13,
513 2478 554 2542 32
581 2473 791 2550 addiderunt.
833 2473 957 2544 Exstat
981 2473 1016 2542 in

41 2559 129 2657 Syro
149 2571 239 2640 bier.
261 2569 363 2640 Aeth.
380 2573 476 2644 Arm·
494 2569 570 2664 vtg.
592 2595 656 2645 ms.
677 2573 719 2644 lt.
742 2573 815 2647 cdd.
835 2595 885 2666 gr.
907 2595 957 2640 ab
977 2580 1017 2642 13
1058 2579 1060 2586 ’

40 2672 101 2735 tat
120 2667 265 2761 aliisque
281 2668 422 2738 duobus
443 2667 632 2758 Theophyl.
653 2669 757 2747 Hilar.
774 2673 920 2764 August.
933 2672 1017 2741 Am-

38 2765 148 2834 brosio
178 2767 224 2837 de
255 2767 323 2835 lide
342 2765 384 2854 V,
405 2777 425 2838 8
447 2765 581 2843 diserto.
622 2767 665 2836 In
688 2769 807 2860 quibus
836 2768 911 2839 cdd.
933 2777 1018 2839 Am·

39 2862 166 2936 brosius
201 2887 247 2936 ea
278 2863 384 2932 verba
417 2863 527 2934 inesse
556 2866 710 2960 negavit,
740 2867 840 2936 iidem
867 2889 956 2960 aequc
981 2868 1017 2936 in

37 2960 155 3032 Marco
186 2963 311 3034 eadem
339 2960 555 3053 omittebant,
587 2987 654 3055 quo
682 2966 871 3056 suspectius
902 2987 1018 3035 eorum
1112 3044 1114 3050 ,

35 3059 271 3132 testimouium
293 3060 455 3136 redditur.
497 3062 533 3130 Si
553 3085 625 3131 rem
644 3065 752 3151 ipsam
773 3076 926 3153 spectas,
950 3063 1018 3134 hoc

35 3156 160 3228 dictum
176 3161 269 3235 ohe.
293 3171 360 3228 tam
380 3157 550 3250 singulare
571 3173 640 3248 est,
661 3173 698 3229 ut
719 3160 884 3244 dubitem,
905 3162 1018 3231 Evan-
1136 3193 1138 3200 ·
1227 3145 1228 3174 ³

32 3253 174 3346 gelistas
198 3258 297 3350 ipsos
323 3257 486 3340 ejusmodi
506 3259 611 3327 verba
631 3261 689 3328 aut
710 3257 832 3327 addere
850 3271 907 3328 aut
920 3260 1019 3330 omit·
1080 3337 1082 3344 ¹

33 3364 104 3422 tere
132 3378 247 3426 ausos
276 3377 362 3430 esse.
403 3356 477 3424 Imo
505 3355 649 3425 fideliter
674 3368 815 3447 uterque
843 3351 1019 3433 tradidisse

31 3451 290 3524 existimandus
312 3467 374 3526 est.
406 3452 498 3525 Talis
521 3465 632 3524 autem
652 3453 854 3523 verecundia
873 3477 942 3527 non
960 3477 1020 3551 paq

31 3549 114 3619 riter
143 3554 183 3622 in
208 3553 410 3622 censoribus
431 3552 542 3622 inesse
565 3552 749 3625 consuevit.
790 3553 817 3625 li
837 3566 956 3624 contra
976 3555 1019 3623 ob

30 3649 191 3720 studium
230 3671 392 3740 suprema
426 3648 593 3740 dignitatis
621 3649 786 3720 Salvatori
812 3651 1021 3722 vindicandas

29 3749 65 3817 in
81 3749 249 3837 pluribus
266 3749 348 3820 locis
364 3747 570 3821 declaratum
585 3749 812 3818 correctiones
826 3748 1019 3823 intulerunt.

24 3846 68 3922 E.
84 3872 119 3940 g.
135 3850 230 3920 Luc.
248 3855 279 3934 2,
293 3847 351 3934 43,
373 3868 450 3914 cum
471 3844 512 3916 de
532 3848 726 3937 parentibus
746 3849 830 3918 Jesu
852 3861 1019 3942 ageretur,

27 3944 191 4023 ejusdcm
216 3942 264 4018 ol.
286 3965 335 4016 or.
357 3943 430 4013 cdd
452 3946 480 4012 oi
495 3953 584 4031 parole
599 3945 677 4025 adli
697 3945 730 4018 in
748 3944 846 4036 ’lorip
863 3947 915 4023 eal
930 3949 948 4020 ὅ
962 3948 1022 4040 pnl-

17 4040 76 4142 Ἴης
100 4046 189 4126 adili
212 4041 446 4133 scrupulosius
467 4055 689 4120 mutaverunt
