2480 4528
51 365 56 378 ι
89 321 475 392 transmutantur.
927 355 958 390 ·.
1021 283 1083 358 dit

97 453 256 544 senuliou'
269 459 399 536 excidit
419 459 455 530 iu
478 456 608 550 Moru·
620 487 641 526 c
661 451 858 554 ’rerepente
873 459 987 538 ‘atque
1004 445 1039 512 in
1061 451 1083 512 e

96 571 198 650 'litun
230 565 293 640 Gd.
307 574 338 654 l,
353 575 395 658 ut
413 583 479 656 ego
497 553 696 639 observavi,
714 547 923 623 habet’tdlur
939 547 956 614 ὅ
970 537 1085 644 'temp

154 691 188 739 v.
204 671 259 738 37.
284 667 408 754 cepta,
428 656 524 752 quod
542 651 771 744 explanaturis
792 645 954 717 sedulitas
977 643 1087 712 incul-

94 787 195 841 casse
213 763 366 850 videtur,
388 782 408 830 a
426 763 513 844 Syro
529 753 616 824 hier.
634 753 748 838 abest,
771 767 880 838 eoque
900 743 1007 836 magis
1028 765 1086 811 su·

61 909 63 914 v
96 871 211 962 ¹spicor
232 861 367 935 aliunde
386 860 554 928 intrusum
573 873 668 939 esse,
689 847 781 941 quod
797 848 829 914 in
851 843 1086 938 Evangeliarid

96 967 247 1064 quodam
272 974 350 1033 ante
369 959 450 1034 miii
471 951 718 1044 transponitur,
743 947 777 1015 iu
800 946 874 1016 aliis
895 957 1007 1013 autem
1027 941 1089 1010 do-

97 1061 268 1139 cumentis
296 1060 376 1134 uv'lai
401 1058 436 1126 in
464 1053 554 1123 linea
580 1050 743 1139 scriptum
769 1057 910 1136 propter
932 1040 1088 1112 scholion

97 1165 319 1246 substitutum
342 1161 506 1226 omissum
516 1163 593 1220 est.
622 1156 632 1187 ‘

159 1284 194 1336 v.
207 1267 259 1337 ⁴1..
284 1257 340 1337 mlv
355 1253 448 1346 ntus
465 1257 508 1326 eri
521 1253 584 1322 dri
608 1247 736 1317 habent
758 1250 865 1330 Syrus
883 1240 969 1308 dier.
992 1239 1090 1325 Copt.

99 1361 311 1445 Sandrsyr.
331 1379 366 1448 p.
384 1353 571 1446 Vulg.·ms.
591 1346 669 1420 cdd.
691 1367 744 1437 gr.
761 1353 811 1415 13.
825 1346 878 1426 69,
900 1336 994 1430 quod
1012 1357 1095 1426 pru-

103 1466 192 1534 fero.
232 1461 320 1530 Nam
348 1465 430 1546 post
454 1451 620 1520 visionem
646 1444 760 1538 gloria
783 1436 1093 1516 repressisset

41 1581 45 1590 ’
103 1559 163 1632 illa
182 1561 285 1630 verba
304 1557 345 1625 ab
365 1555 387 1622 J
390 1551 523 1622 ohanne
541 1557 729 1618 memorata
746 1544 869 1610 effatus
885 1553 948 1610 est.
984 1536 1095 1606 Evau-

99 1658 225 1754 gelista
256 1657 392 1726 demum
426 1644 664 1738 subjungendo
693 1643 745 1715 a>
770 1643 895 1714 ladam
922 1638 991 1738 aspi
1017 1635 1096 1710 uult

101 1755 278 1850 prophetae
308 1752 438 1821 dictum
469 1746 514 1818 ad
539 1745 704 1815 Messinm
735 1739 870 1826 retulit,
903 1761 944 1808 ac
975 1759 1096 1828 parum

101 1868 296 1949 opportune
324 1849 468 1922 candem
499 1843 704 1915 senteutiam
733 1841 952 1930 anticiparet,
986 1837 1015 1905 si
1043 1835 1096 1908 ult

97 1955 175 2047 nt.
191 1955 272 2029 adid
294 1949 500 2041 scripsisset.
541 1945 630 2012 Turn
659 1941 879 2035 supersederi
901 1949 1017 2028 posset
1039 1958 1099 2026 ap·
1227 2031 1230 2036 Ι

101 2055 305 2151 plicatione:
332 2048 385 2122 aa)
410 2046 499 2121 laia·
522 2042 593 2144 περὶ
618 2043 708 2122 un'lis’.
750 2041 860 2133 igitur
882 2033 962 2112 ulla
985 2036 1098 2125 potius
1145 2113 1148 2123 ¹

106 2155 280 2228 correctio
298 2173 436 2235 eorum,
458 2144 517 2236 qui
533 2143 699 2214 Messinm
717 2137 931 2210 introducere
949 2146 1100 2226 arerent,

79 2279 81 2284 ’
106 2279 217 2349 quam
234 2257 277 2326 τῦ
291 2253 352 2322 deii
371 2244 527 2318 scholion
543 2241 586 2312 ad
600 2244 682 2318 adli
694 2261 770 2312 esse
785 2237 928 2308 videtur.
960 2235 1102 2306 Utrum-

105 2375 180 2448 que
196 2353 386 2436 junxerunt
406 2343 483 2416 cdd.
500 2365 524 2414 u
539 2345 580 2413 66
600 2342 634 2410 in
653 2361 762 2434 marg.
780 2343 823 2412 ui
838 2341 899 2411 θιῦ
914 2335 1004 2409 eo'li.

175 2601 209 2656 v.
223 2583 254 2649 3.
282 2572 467 2643 Deleantur
483 2572 500 2640 ὅ
514 2571 608 2648 ‘lecte
624 2581 704 2636 etv.
718 2565 739 2636 6
756 2567 823 2648 ω’,
843 2563 1045 2634 auctoritate
1060 2559 1101 2632 cl.

114 2699 211 2765 occ,
238 2672 404 2764 probante
430 2669 564 2739 Griesb.
584 2703 626 2720 -
652 2666 715 2737 Cd.
734 2674 751 2736 1
774 2667 857 2756 legit
877 2656 993 2746 ἕλὶοκεν,
1013 2661 1106 2756 quod

108 2775 267 2848 nondum
288 2784 360 2840 erat
381 2781 590 2842 annotatum.

5 2873 7 2878 ’
181 2897 214 2939 v.
228 2881 277 2942 38.
305 2873 487 2970 insepulto
503 2870 593 2948 ’mie
615 2887 634 2936 e
656 2865 699 2937 cl.
715 2889 788 2939 occ.
807 2877 1010 2958 reponatur:
1033 2859 1107 2932 vul-

115 2970 214 3064 garis
235 2973 398 3060 scriptura
421 2992 440 3040 e
462 2963 574 3045 cL'or.
598 2967 775 3058 depromta
794 2963 963 3036 versiculo
980 2967 1021 3036 ³6
1049 2949 1109 3039 dc*-

116 3069 195 3142 neri
216 3068 358 3143 videtur.

493 3191 498 3196 ·
538 3163 577 3232 G.
598 3162 697 3234 xlv.

91 3317 93 3326 ,
186 3293 220 3342 v.
239 3279 270 3343 2.
297 3269 347 3340 Ut
365 3265 516 3352 oriesb„
541 3266 661 3342 Vater.‘
676 3279 711 3336 et
731 3264 869 3338 Schola.
893 3267 1114 3362 interpunxe-

113 3379 221 3455 runt,
241 3379 403 3458 puuctum
420 3377 497 3435 ante
513 3362 681 3466 neptricum
699 3379 884 3457 ponentes,
901 3365 1028 3462 frigent
1041 3389 1115 3438 ver·

115 3469 171 3562 ba
190 3471 214 3537 εἰ
237 3471 273 3538 rt
296 3464 357 3556 pi,
385 3461 464 3538 siun
483 3456 521 3535 air
543 3467 632 3554 ὑμῖν,
660 3477 762 3558 atque
791 3465 877 3537 adeo
903 3469 954 3539 rei
981 3469 1116 3542 veritati

71 3577 75 3584 ’
117 3563 380 3653 contradicunt,
408 3565 500 3635 acsi
522 3564 603 3637 Chr.
627 3563 778 3637 dicturus
802 3579 913 3658 esset,
942 3570 1035 3662 quod
1057 3593 1117 3642 ve·

113 3683 202 3774 rum
228 3685 298 3732 non
324 3676 436 3747 esset3
466 3685 531 3734 nec
559 3677 639 3756 apte
665 3664 834 3748 coherent
857 3667 1053 3764 sequentia,
1083 3671 1117 3744 in

121 3760 250 3852 qurbus
278 3781 316 3830 se
345 3775 541 3850 paratumm
568 3764 683 3835 locum
711 3769 907 3860 profitetur,
938 3785 1121 3868 postquam

114 3872 207 3974 ”esse
221 3857 295 3937 jam
312 3859 418 3929 multa
433 3860 601 3934 domicilia
617 3867 651 3934 in
667 3865 760 3938 coelis
777 3870 1010 3950 affirmaverat,
1039 3871 1122 3972 Quae

120 3955 345 4026 incommoda
367 3973 554 4048 opportune
576 3979 799 4058 amoventur,
822 3989 900 4040 curn
922 3969 1023 4044 colon
1045 3997 1063 4040 r

118 4057 294 4160 murnum
313 4068 349 4128 et
368 4071 531 4150 punctum
550 4077 630 4155 post
647 4067 740 4141 vinu
757 4069 831 4162 dnn
852 4069 1017 4164 posueris
