2474 4528
176 335 250 426 ,238

185 491 425 566 Griesbachius
447 494 592 566 enimin
613 494 861 566 Commentario
883 493 1000 564 critico
1019 495 1060 566 P.
1074 491 1111 564 11
1131 517 1164 586 p.

185 593 301 663 XLVI
312 606 382 663 tres
395 593 501 665 fuisse
513 597 728 665 recensiones
741 607 855 687 textus
869 593 1058 684 supposuit,
1075 617 1163 664 eam·
1229 642 1230 702 p

184 715 251 787 quc
281 715 382 783 quam
412 707 514 763 vocat
534 693 780 764 occidentalem
800 693 835 762 iu
857 692 932 760 cod.
955 691 1160 784 Evangelu
1229 719 1230 750 ι

183 791 400 880 superstitem
432 794 580 863 omnium
613 791 881 882 antiquissimam
912 802 946 859 et
979 812 1089 880 usque
1123 789 1164 858 ad

96 959 99 966 .
182 891 286 958 finem
314 910 404 978 pane
432 889 572 959 secundi
598 888 707 960 seculi
733 889 868 958 unicam
888 887 991 957 fuisse
1013 888 1165 975 censuit,
1229 977 1230 986 ι

182 1009 293 1077 neque
323 987 357 1055 iu
388 987 517 1056 oriente
539 1008 603 1056 nec
622 987 657 1055 in
684 987 859 1056 occidente
883 987 1013 1078 imperii
1032 986 1165 1056 romani

184 1087 249 1156 alia
277 1084 483 1176 exemplaria
510 1098 580 1154 tum
608 1085 798 1167 exstitisse3
827 1086 907 1156 hinc
930 1084 1166 1155 recensionem

182 1185 461 1276 alexandrinam
480 1183 514 1252 in
536 1182 612 1260 cdd.
628 1183 691 1256 Er.
705 1207 769 1254 ece
785 1185 919 1254 obviam
933 1185 1059 1254 factam
1074 1205 1164 1270 esse,
1229 1197 1230 1202 ’

184 1283 400 1374 etquidem,
426 1296 465 1352 ut
493 1285 690 1366 conjectura
719 1283 929 1375 assequitur,
956 1281 999 1352 ab
1020 1283 1079 1370 iis,
1107 1281 1165 1373 qui

183 1381 369 1474 Evangelia
390 1393 424 1450 et
436 1381 640 1471 Apostolum
661 1382 697 1450 in
710 1405 815 1452 unum
831 1403 956 1472 eorpus
970 1380 1164 1472 redegerint

184 1488 238 1573 (p.
253 1481 351 1570 LV),
373 1492 451 1571 post
472 1479 910 1550 aLucianorecensionem
931 1487 1164 1550 constantino-

180 1580 396 1696 politanam,
419 1601 522 1671 quam
537 1578 614 1654 cdd.
634 1599 819 1665 arouse,
844 1578 1072 1668 Mosqueuses
1094 1575 1164 1666 plo-

183 1681 344 1860 {griphes
365 1677 421 1749 alii
440 1677 597 1769 permulti
617 1677 771 1767 tradunt,
796 1676 987 1748 confectum
1009 1696 1085 1745 esse
1109 1678 1164 1766 (p.

247 1875 313 1946 Sed
333 1875 516 1947 multones
538 1877 691 1966 obstant,
716 1898 785 1969 quo
805 1878 916 1946 minus
936 1873 1010 1943 viro
1030 1893 1165 1942 summo
1230 1879 1231 1970 ι

187 1974 362 2046 assentiar.
391 1974 582 2044 Primum
556 1997 585 2044 ιι
598 1996 636 2043 re
651 1996 732 2044 vera
746 1974 1015 2066 antiquissimum
1030 1982 1165 2039 textum

186 2073 364 2142 exhiberet
389 2075 500 2144 codex
523 2093 564 2163 u,
590 2074 768 2142 veriorem
784 2093 918 2164 quoque
942 2069 1086 2139 haberet
1105 2091 1165 2138 nc·

185 2193 281 2242 cesse
303 2184 411 2254 esset;
432 2172 493 2241 sed
515 2184 567 2241 est
583 2170 821 2262 interpolatus:
851 2171 1045 2260 ubicunque
1068 2168 1164 2259 copia

184 2292 443 2380 germanarum
444 2271 626 2340 lectionum
647 2269 940 2383 deprehenditur,
952 2270 1102 2358 pertinet
1123 2265 1162 2336 ad

185 2377 352 2466 summam
377 2369 619 2481 antiquitatem.
663 2367 803 2484 Quod
790 2369 820 2438 si
850 2367 968 2438 classis
990 2364 1162 2435 orientalis

186 2468 301 2558 saepius
322 2489 441 2537 verum
461 2467 625 2553 servavit,
653 2453 833 2535 editionem
853 2464 1044 2578 suppeditat
1067 2479 1165 2535 vetu-

184 2579 292 2656 stam,
319 2566 400 2636 licet
419 2566 461 2635 ab
480 2565 668 2646 junioribus
690 2564 789 2639 codd.
812 2563 1000 2658 posteritati
1022 2565 1163 2636 manda·

184 2676 276 2754 tam,
295 2685 407 2754 neque
426 2663 676 2734 alteramutram
690 2663 834 2734 classem
848 2661 959 2753 potius
976 2661 1084 2732 altera
1097 2665 1164 2754 pri-

185 2765 252 2829 mo'
275 2761 421 2836 ecclesie
451 2785 518 2831 aevo
551 2762 685 2832 attribui
718 2773 860 2852 oportet
904 2761 1033 2830 Deinde
1062 2763 1163 2834 nimia
1231 2759 1232 2850 ι

184 2859 420 2949 necessitudo,
443 2883 513 2952 quae
534 2861 620 2930 inter
640 2859 819 2929 editionem
842 2878 864 2926 n
887 2871 921 2928 et
942 2860 993 2928 ed.
1014 2883 1093 2930 ece
1114 2863 1163 2930 in-

184 2957 346 3046 tercedit,
368 2958 466 3048 facit,
489 2972 526 3028 ut
541 2981 642 3029 unam
658 2972 788 3029 tantum
803 2956 966 3046 classem,
988 2983 1093 3049 quam
1108 2983 1164 3030 oo-

186 3055 384 3126 cidentalcm
414 3081 663 3148 nuncupamus,
692 3057 798 3128 exiis
825 3058 1032 3128 constituere
1055 3058 1162 3148 possi·

185 3175 273 3226 mus.
323 3155 443 3246 Opinio
477 3169 613 3245 autem,
649 3156 828 3226 editionem
856 3176 879 3223 u
907 3155 1159 3225 tundamentum

186 3275 262 3321 esse
285 3251 439 3323 editionis
461 3277 542 3343 roe,
562 3252 956 3336 nulla1·econfirmatur;
977 3254 1045 3323 imo
1062 3253 1162 3324 modo

186 3349 243 3418 illa
262 3351 365 3420 modo
387 3351 460 3421 haec
488 3353 669 3422 derivatior
690 3351 795 3422 altera
817 3363 877 3421 est.
920 3353 995 3422 Nec
1018 3353 1161 3444 denique

186 3447 228 3516 de
258 3461 396 3518 auctore
424 3451 661 3542 recensionum
688 3450 934 3541 dispiciendum
962 3465 1031 3521 est:
1063 3474 1161 3521 nemo

185 3546 270 3616 tanti
290 3547 434 3618 nominis
456 3549 535 3638 fuit,
556 3549 613 3639 qui
635 3546 764 3618 collatis
786 3548 957 3618 codicibus
971 3561 1163 3620 novumte-

185 3657 389 3714 stamcntum
417 3660 579 3735 perpetuo
609 3647 821 3739 recognitum
847 3646 1001 3718 ecclesiis
1031 3647 1161 3719 tradere

186 3755 378 3820 coneretur.
412 3744 446 3813 Si
467 3744 543 3835 quis
563 3766 711 3836 uuquam
726 3756 819 3813 tanta
833 3743 993 3836 dignitate
1008 3761 1043 3814 et
1055 3745 1162 3838 gratia

185 3841 376 3928 floruisset,
410 3853 450 3910 ut
485 3864 600 3913 omnes
631 3842 788 3912 librarios
827 3843 869 3913 ad
905 3843 1162 3914 describendum

185 3938 287 4026 ipsius
311 3939 483 4028 exemplar
500 3939 554 4008 vel
569 3933 811 4031 in‘occidente,
834 3943 887 4012 vel
902 3944 936 4013 in
954 3944 1088 4033 Africa,
1106 3941 1161 4010 rel

183 4035 220 4113 ἰιι
246 4039 328 4114 Asia
357 4039 538 4114 adduceret
550 4064 564 4122 ι
594 4039 745 4129 profecto
774 4063 851 4111 eum
879 4040 1020 4114 historia
1048 4043 1160 4134 iniquo
