2532 4528
148 303 207 390 '124

153 480 214 558 'tis
242 471 340 544 Rom
365 473 478 560 16,11
502 473 557 544 eol
570 480 649 562 post
666 464 741 544 idon
755 463 904 553 illatum3
928 447 1031 540 lium.
1055 469 1106 558 16,
1131 475 1155 540 8

137 605 141 610 ·
162 575 293 672 opiner
312 580 523 658 correctum
551 575 568 638 1
589 568 675 638 sor.
697 571 730 656 7,
750 576 792 642 ²9
807 563 862 643 ire
882 582 1110 660 expunctumt
1130 579 1154 642 2

162 671 244 740 Gor.
261 677 314 760 11,
327 672 348 742 6
364 679 480 742 exstet
496 666 532 738 iu
551 667 703 762 margine
719 689 798 740 reru
814 667 917 739 lectio
932 667 1154 771 sanguinem:

38 763 40 770 ’
151 769 287 858 deved„
312 789 383 860 que
408 785 487 840 etun
500 765 606 857 repud
634 765 1058 857 interpretemur-menon
1079 780 1153 838 tutu

150 868 198 936 ‘in
213 883 283 936 uno
298 867 489 960 fragmento
507 865 614 936 seculi
633 865 680 936 X.
694 867 713 950 (
721 866 762 937 dd
779 864 1019 948 Griesbachii)
1038 866 1152 938 codici

154 964 449 1037 *Harleionossts
471 985 606 1036 cuneum
624 963 814 1056 inreritum
839 963 996 1038 2Theee.
1021 973 1052 1056 1,
1072 974 1152 1041 deii

163 1067 337 1167 nutexopie
350 1061 526 1134 intrusum.
542 1109 544 1116 ,

223 1161 432 1234 bessarionis
454 1160 559 1252 ipsius
574 1183 714 1237 menum
731 1161 857 1236 inistis
876 1165 1150 1238 annotationibus

151 1262 290 1334 eriticis
310 1260 455 1354 margini
475 1259 655 1350 adscriptis
680 1263 817 1346 ognovit
836 1263 988 1334 Birchius
1010 1266 1151 1354 101110-

160 1362 286 1450 legom.
308 1359 351 1431 ad
373 1359 558 1454 Evangelia
576 1360 655 1431 edit.
678 1361 878 1432 Hauuionoir
892 1385 927 1434 n
944 1368 1025 1437 1788
1040 1385 1073 1454 p.
1088 1361 1151 1432 Ν.

160 1460 338 1531 illustrem
360 1457 574 1529 cardinalem
593 1458 686 1529 illum
708 1459 775 1532 hoc
801 1459 919 1530 codice
945 1461 1092 1532 maxime
1110 1485 1151 1532 u·

62 1601 70 1614 «
161 1584 240 1632 sum
261 1557 384 1648 luisse,
403 1555 540 1649 collegit
556 1556 730 1632 blorellius
751 1558 785 1629 in
805 1554 1023 1649 01616100.
1042 1565 1089 1630 25<
1102 1581 1150 1630 ex

150 1656 326 1728 'divisione
347 1655 495 1748 capitum
508 1655 636 1726 Latinis
653 1656 901 1728 recentioribus
916 1657 1148 1749 frequentato,

162 1777 268 1850 quam
296 1755 450 1826 Bessario
475 1753 579 1825 literis
598 1755 703 1848 nigris
726 1767 849 1845 praeter
871 1755 1046 1828 divisionis
1063 1757 1150 1827 nnti-

163 1851 291 1949 quioris
308 1866 406 1924 notas
424 1854 543 1924 rubras
557 1850 678 1924 fecisse
692 1851 735 1924 od
751 1855 884 1924 initium
899 1854 975 1924 libri
993 1868 1149 1928 testetur.

160 1954 317 2026 Eundem
333 1947 486 2023 codicem
510 1951 723 2041 cardinalis,
743 1975 820 2022 cum
837 1953 990 2024 Concilio
1011 1953 1149 2044 Floren-
1258 1962 1259 1992 ¹

148 2055 232 2124 tino
250 2075 338 2124 anuo
363 2057 445 2125 1189
459 2051 658 2142 interesset,
678 2071 796 2121 seeum
813 2049 972 2122 habuisse
993 2051 1148 2126 traditur.

197 2173 202 2181 ’
221 2153 276 2224 Ne
292 2151 452 2222 codicum
464 2171 626 2221 numerus
642 2148 804 2219 inutiliter
819 2148 1056 2241 cumularetur,
1076 2173 1149 2222 nou

160 2265 246 2342 erat,
267 2251 358 2345 quod
372 2251 407 2320 in
421 2250 515 2320 varia
528 2247 674 2320 lectione
690 2248 813 2343 singuli
826 2248 902 2319 libri
918 2252 977 2319 106
992 2249 1148 2342 0110811,
1259 2256 1260 2310 l

158 2353 217 2423 ubi
228 2349 396 2445 posterior
411 2371 430 2419 e
444 2353 555 2440 priore
568 2359 742 2420 correctus
756 2359 869 2437 esset,
881 2347 937 2420 vel
949 2352 1010 2420 106
1021 2363 1055 2422 et
1068 2358 1147 2443 108,

157 2452 215 2522 061
229 2450 466 2537 convenirent,
484 2446 749 2528 advocarentur,
761 2447 827 2518 nisi
840 2467 902 2518 eeu
919 2447 1068 2539 gravitas
1081 2470 1147 2522 seu

157 2549 289 2620 novitas
308 2547 358 2617 rei
375 2547 421 2616 ita
437 2542 610 2636 postulare
623 2544 809 2616 videbatur.
851 2544 971 2637 Itaque
987 2569 1065 2616 cum
1085 2567 1147 2616 eo-

158 2641 1144 2735 dex108ndducitur‚hecnotalibrumtodquoquecom-

157 2742 353 2837 prehendit,
371 2765 448 2811 oum
460 2739 591 2817 codicis
602 2743 661 2812 106
672 2740 801 2812 mentio
813 2742 870 2830 fit,
883 2741 911 2811 is
926 2765 1014 2814 unus
1031 2741 1144 2814 demto

158 2846 219 2913 108
236 2844 332 2922 (sire
350 2840 416 2910 und
434 2862 512 2909 curu
527 2847 586 2910 108
606 2861 626 2908 a
646 2842 794 2908 secunda
807 2840 940 2922 mauu)
957 2837 1147 2924 intelligen-

158 2941 222 3012 dus
248 2952 322 3027 est3
352 2938 497 3031 denique
522 2960 601 3008 eum
626 2937 738 3007 codex
758 2937 845 3007 108*
861 2953 1086 3029 memoratur,
1115 2939 1146 3012 is

157 3061 245 3108 uuus
260 3039 390 3132 absque
412 3039 493 3126 106,
517 3059 562 3106 ex
573 3060 643 3130 quo
657 3049 736 3129 post
755 3049 932 3108 correctus
949 3050 1020 3128 est,
1039 3037 1146 3134 sigui·

146 3139 289 3210 ‘licetur
331 3137 373 3206 In
392 3133 601 3227 Apocalypsi
617 3149 730 3209 sutem
744 3147 873 3206 tantum
891 3136 1052 3210 libertos
1069 3150 1146 3212 teu-

19 3303 30 3336 ,
157 3260 259 3330 quam
280 3233 455 3325 exemplar
477 3234 606 3314 codicis
633 3241 692 3304 108
716 3235 920 3305 nominatur.
962 3236 1029 3306 Sed
1057 3260 1147 3329 quo·

127 3423 129 3426 ,
155 3335 247 3404 niam
270 3332 545 3402 honorationem
566 3330 744 3422 codicum,
768 3331 884 3405 labore
904 3329 948 3404 nd
972 3333 1147 3408 dimidiam

155 3447 285 3525 partem
305 3431 480 3519 coniecto,
494 3429 630 3502 demum
641 3443 853 3523 perspectam
864 3431 983 3524 habui,
1004 3433 1083 3504 inde
1102 3435 1145 3506 ab

155 3531 300 3623 epistola
322 3530 366 3600 cd
389 3531 561 3601 Romanos
583 3530 754 3621 usquead
772 3532 996 3621 posteriorem
1020 3531 1064 3602 nd
1084 3533 1148 3605 Ti·

155 3626 329 3699 motheum
341 3627 426 3698 liber
441 3627 710 3713 tosdiugenrtus
724 3627 810 3700 libro
826 3638 888 3700 108
900 3651 1068 3702 excussus
1088 3641 1148 3703 out

156 3749 312 3798 seorsum
338 3739 374 3795 et
395 3727 495 3795 uuice
515 3727 702 3816 excitatur,
726 3749 796 3796 nou
813 3749 881 3820 quc
905 3727 1030 3799 diserte
1047 3753 1068 3800 c
1086 3750 1148 3800 co·

156 3825 231 3896 dice
250 3833 309 3893 108
327 3822 498 3913 discedot,
517 3836 574 3895 aut
584 3824 731 3907 junctim
748 3847 828 3894 cum
845 3825 963 3896 codice
981 3837 1042 3896 108
1056 3849 1147 3920 saepe

154 3924 332 3993 inducitur.
390 3921 519 3992 Verum
546 3922 581 3992 in
614 3922 734 4011 Actis,
765 3923 917 4014 epistolis
948 3918 1146 4006 catholicis,

155 4022 197 4096 sd
219 4022 335 4092 Titum
341 4039 356 4116 ,·
379 4017 611 4098 Philemonem
637 4033 671 4093 et
692 4021 736 4108 nd
751 4017 913 4100 Hebraeos
929 4023 1086 4118 scriptis,
1109 4025 1147 4096 iu
