2506 4526
1033 339 1077 411 ¹15

88 491 267 580 lectiones,
288 491 483 588 vagabatur.
499 491 656 567 ¹-Contra
670 487 1076 590 in'classemoiientalern

88 590 203 678 potius
225 590 303 662 vitia
331 609 385 660 ex*
400 591 590 686 ignorantia
612 585 693 664 nata
707 591 855 681 eadunt,
877 615 922 663 ex
944 597 1076 666 ratione
1113 589 1114 596 '

86 689 297 778 propagandi
327 690 452 780 libros,
485 695 565 760 cuni
592 689 676 760 alius
702 711 746 758 ex
770 687 835 761 alio
851 692 1077 762 transscribe-

86 799 202 877 retur,
233 787 391 879 adeoque·
417 787 777 880 postrema-exempla
808 791 849 859 ab
866 795 1075 884 autographo
1116 835 1119 843 ·

85 885 284 978 longissime
307 889 476 974 abessent.
520 889 629 986 Igitur
642 890 735 962 incl.
754 913 827 962 occ.
842 891 980 963 licentia
998 883 1075 963 cor-¹

84 983 220 1076 rigandi
235 985 453 1076 potissimum
467 987 503 1083 in
515 983 662 1059 'oonsilio
675 987 732 1060 vel
746 987 892 1060 addendi
906 989 961 1058 vel
976 991 1075 1059 omir-
1125 993 1138 1016 ‘'

85 1083 182 1152 tendi
210 1081 267 1152 vel
280 1082 416 1170 glossas
441 1085 643 1178 invehendi,
665 1091 700 1156 in
718 1089 948 1180 permutandis
972 1113 1075 1158 voca·

83 1180 174 1251 bulis
200 1184 453 1274 synonymiset
464 1183 505 1254 in
522 1188 784 1277 transpositione
800 1189 983 1257 verborum
1000 1199 1074 1258 cer-
1154 1275 1156 1288 Ι

82 1279 189 1356 nitur.
231 1281 375 1352 Librarii
405 1285 447 1355 ol.
474 1303 523 1355 or·
556 1289 667 1378 potius
698 1287 931 1359 aberrantibus
964 1288 1072 1358 oculis
1155 1299 1159 1310 “

84 1379 172 1470 lapsi
196 1394 273 1454 sunt
285 1433 296 1470 ‚
315 1381 373 1451 vel
394 1385 437 1453 ob
453 1385 701 1477 ἑμοιοτέλευτον,
718 1384 776 1454 vel
798 1386 968 1455 obvooes
992 1409 1074 1456 con-

83 1489 189 1549 s‘onas
224 1481 483 1572 antecedentes,
515 1485 569 1552 vel
596 1485 638 1553 ob
662 1485 862 1574 compendia
884 1485 1071 1570 scribendi,
1118 1574 1120 1580 Ι

84 1575 142 1646 vel
169 1601 350 1668 perperam
377 1580 492 1668 lectis,
521 1582 583 1660 vel
598 1603 659 1674 per
677 1581 919 1676 negligentiam
938 1586 1072 1654 omissis

83 1677 286 1765 vocabulis,
315 1679 368 1748 vel
399 1679 537 1750 scholiis
556 1681 611 1750 vel
629 1679 753 1772 glossis
771 1681 923 1770 decepti,
945 1682 1008 1750 illis
1031 1687 1072 1750 ad

82 1776 382 1857 sententiambis
411 1777 453 1847 ad
481 1778 645 1856 rariorem
671 1801 733 1850 seu
758 1777 945 1849 obsoletam
975 1780 1072 1848 dieti-

83 1897 188 1942 onem
228 1875 517 1966 interpretandam
555 1899 658 1969 supra
696 1878 802 1950 lineas
834 1897 903 1948 seu·
929 1881 1072 1972 margini

82 1971 178 2042 illitis
196 1986 231 2042 et
247 1975 368 2064 partim
381 1999 424 2046 ex
439 1975 524 2045 locis
539 1975 707 2068 parallelis
719 1977 832 2068 petitis
841 2029 853 2066 ,
875 1978 966 2046 unde
988 2001 1071 2048 con·
1161 2027 1164 2034 .

83 2085 203 2143 textus
234 2071 373 2144 scholiis
394 2076 466 2144 sive
486 2076 609 2169 glossis
629 2089 688 2144 aut
709 2075 900 2166 adauctus,¹
916 2090 976 2146 aut
993 2099 1071 2147 curn

81 2171 123 2242 iis
150 2183 376 2262 permutatus.
419 2174 485 2244 Ubi
513 2173 638 2244 familia
664 2173 814 2244 africana
837 2173 979 2244 alatina
1002 2173 1071 2245 dis-

83 2270 196 2361 cedit,
233 2271 416 2360 praesertim
446 2272 596 2342 studium
627 2270 852 2364 elegantioris«
868 2272 948 2363 styli
971 2275 1071 2342 effin-
1125 2365 1127 2368 Ι
1198 2333 1202 2346 .

83 2367 187 2462 gendi
197 2368 967 2462 ethebraismorumevitandorumperspieitur:
980 2373 1070 2443 unde
1098 2454 1101 2462 Χ

85 2469 304 2539 Griesbachii
323 2469 452 2538 dictum
476 2469 512 2540 in
531 2469 783 2562 Prolegomenis
801 2471 844 2539 ad
868 2495 901 2539 n.
923 2471 964 2538 T.
986 2484 1070 2543 sect.

84 2563 149 2635 Ill.
169 2589 202 2658 p.
216 2567 417 2636 LXXVIL:
449 2573 730 2660 „grammaticum
749 2569 816 2653 egit
828 2569 1069 2640 alexandrinus

84 2685 231 2756 censor,
252 2667 472 2758 interpretem
490 2665 738 2738 oc¹cidentalis”
756 2665 811 2746 (id
837 2680 890 2737 est
911 2667 1034 2738 latinns
1042 2665 1068 2751 1¹.
1186 2717 1191 2726 .

145 2765 326 2858 Exemplis
345 2781 497 2836 nostram
515 2767 717 2837 sententiam
735 2763 777 2834 de
795 2766 969 2858 utriusque
983 2767 1071 2846 clas-¹
1114 2849 1123 2867 .

6 2907 7 2924 2
83 2864 131 2936 sis
152 2865 269 2946 indole
297 2865 466 2935 illustrare
489 2868 599 2948 juvat.
639 2863 778 2944 Familia
800 2863 950 2934 africana
970 2867 1069 2938 Rom.
1130 2877 1133 2882 '

6 2959 7 2972 ¹
82 2953 145 3052 ib,
174 2970 234 3052 Ι32.
259 2965 546 3033 constructionem
567 2958 735 3055 participii
756 2957 858 3038 labdo
880 2963 1070 3054 absquenai¹

81 3076 163 3152 post
179 3069 241 3136 θεῧ
264 3061 449 3154 elegantius
466 3064 695 3154 quam'verius
716 3061 827 3132 habet.
870 3061 1007 3130 Familia
1020 3063 1071 3131 l'a-'
1122 3063 1124 3067 ’

81 3161 153 3230 tina
176 3161 303 3232 ibidem
333 3179 454 3229 vocem
483 3167 544 3233 ert·
571 3172 739 3260 permutat
762 3179 839 3243 eum
858 3163 1071 3262 xpryi'mc&
1161 3238 1163 3248 ,

83 3259 272 3351 eademque
292 3258 380 3328 loco¹
396 3255 668 3349 συναναπαύσωμαι
694 3257 766 3348 tab
783 3255 898 3348 glossa
922 3257 1072 3351 ἑνωψόξω

93 3353 374 3451 (εειιέναψυχὸ)
388 3361 464 3450 μεθ’
476 3359 562 3450 ὁμὶῑν
576 3359 690 3444 utitur.
707 3363 710 3370 '
729 3355 864 3424 -tbidem
877 3379 909 3426 v.
925 3365 977 3428 ³3.
992 3358 1071 3428 fam.

81 3455 141 3532 lat.
158 3458 406 3550 interpretandi
424 3481 526 3528 causa
546 3453 697 3531 iroanto
716 3453 798 3546 persi
811 3455 932 3527 addin·
955 3459 1011 3528 Ab
1030 3476 1072 3526 ea

81 3556 178 3630 Rom.
215 3541 346 3646 ‘16„l6;
373 3559 478 3627 verba
497 3555 777 3646 ἐσπέζονταιὸμῖις
804 3562 839 3628 αἱ
855 3555 1008 3629 ἐκκλησίαι
1029 3562 1073 3630 rt

82 3671 157 3757 xp„
184 3669 226 3726 ut
252 3655 472 3726 salutationes
498 3655 597 3746 ,Pauli
614 3676 635 3724 a
655 3666 848 3724 ceterorum
860 3653 923 3722 rite
941 3653 1072 3742 disjuna

82 3768 204 3844 gantur
216 3777 299 3841 ,suo
312 3747 389 3824 loco
402 3746 620 3844 omittuntur}
632 3765 665 3822 et
676 3766 754 3846 post
764 3773 795 3821 v.
810 3757 862 3820 21.
875 3753 942 3821 hoc
953 3752 1071 3820 modo:

83 3851 135 3922 zai
155 3861 190 3928 αἱ
208 3847 334 3927 ianam.
355 3859 454 3926 edroi
479 3861 525 3926 τέ
540 3871 599 3954 xp.
616 3863 738 3946 ¹argute
757 3862 960 3942 assuuntur3
982 3849 1071 3920 unde

85 3951 181 4021 ctiam
195 3951 325 4022 familia
336 3951 483 4032 africana
496 3951 577 4020 lieet
598 3949 680 4020 sede
696 3973 764 4020 non
775 3951 936 4040 moverit,
957 3947 1071 4030 tamerl

85 4047 346 4158 additamentam
380 4058 488 4124 πᾶσαι·
511 4043 868 4142 (·quo'tl··'post'r',·21.
888 4041 1070 4137 poneretur
