2532 4528
132 313 255 392 ⁸1t=

83 480 85 488 ’
169 489 233 544 seu
247 488 298 538 nn
315 489 377 540 seu
392 467 471 551 ro)
486 463 630 536 totidem
642 468 715 536 fere
729 462 854 537 lodisa
865 473 1028 558 germana
1046 467 1154 557 scrip·

170 581 245 640 tura
261 567 438 654 abhorret,
457 578 491 636 et
510 559 823 653 interpolationibus
843 575 979 634 scatens
989 564 1025 634 in
1041 564 1153 654 priore

171 671 311 758 epistola
336 667 377 736 ad
403 663 594 735 Corinthios
620 665 724 734 OLX.
751 663 915 734 lectiones
937 685 1049 754 neque
1075 685 1155 732 cnm

171 767 296 836 familia
307 765 465 840 ¹africana
483 787 593 855 neque
613 786 692 833 cum
705 763 815 834 classe
832 763 986 834 orientali
1004 784 1156 832 commu-

171 887 232 936 nes
255 865 368 934 habet.
411 867 579 934 Actorum
595 885 685 954 pane
698 861 920 952 paraphrasin
939 859 1079 931 exhibet
1095 882 1156 930 oc-

50 1012 52 1017 -
125 959 128 963 ’
172 964 240 1034 dex
266 963 543 1056 cantabrigiensis
568 985 614 1050 u,
633 963 821 1056 saepiusque
854 961 1101 1052 compatribus
1122 972 1157 1030 et

171 1063 408 1152 interpretibus
433 1062 545 1133 latinis
574 1061 771 1134 concordat.
814 1062 905 1145 Ergo
925 1065 963 1132 iu
983 1059 1100 1149 ltalia,
1122 1060 1157 1129 in

147 1241 149 1246 ,
173 1159 283 1234 Gallia
297 1173 332 1230 et
345 1161 463 1230 Africa
479 1162 554 1252 plus
569 1159 795 1251 corruptionis
812 1183 846 1234 ιι.
860 1159 902 1228 T.
916 1162 1044 1230 invasit
1055 1181 1158 1250 quam

134 1302 136 1322 ι
171 1260 207 1330 in
226 1259 367 1330 oriente.
408 1259 523 1352 Quare
537 1259 751 1351 potissimum
764 1257 947 1348 scriptores
964 1256 1157 1327 alexaudri-

172 1379 236 1428 nos
261 1369 296 1426 et
323 1357 571 1447 occidentales,
594 1357 823 1446 Clementem,
849 1356 1051 1450 origenem,
1073 1356 1159 1426 Ter·

173 1455 349 1528 tullianum
355 1497 366 1544 ,
383 1455 568 1538 Hilarium,
579 1455 830 1548 Augustinum,
845 1456 1081 1545 Ambrosium,
1097 1455 1159 1526 asi·

110 1579 113 1588 ’
174 1556 339 1636 eticorum
361 1568 394 1624 et
417 1556 677 1640 byzantinorum
699 1555 770 1626 fere
792 1555 976 1644 neminem,
1008 1556 1050 1626 de
1065 1555 1160 1638 ejusa

56 1671 57 1678 ’
133 1709 135 1713 .
174 1655 266 1723 modi
286 1655 527 1744 depravatione
549 1653 709 1723 codicum
731 1654 897 1746 conqueri
918 1654 1074 1726 audimus
1095 1656 1114 1737 (
1124 1675 1157 1723 r.

175 1755 311 1826 Schola.
331 1755 408 1824 loco
442 1767 629 1824 memorato
650 1777 684 1844 p.
706 1758 756 1827 17.
777 1776 832 1846 sq.
854 1754 950 1838 ld).
1006 1753 1060 1823 Ita
1087 1751 1162 1821 Ori·

174 1877 278 1950 genes
295 1855 354 1934 (in
376 1853 498 1922 Matth.
521 1852 561 1921 T.
576 1852 654 1922 XV.
672 1851 747 1944 Vol.
765 1852 834 1922 Ill.
848 1847 880 1944 p'.
897 1855 969 1924 671.
990 1851 1162 1933 editoe)

176 1977 254 2026 eum
284 1953 498 2044 oscitantiam
527 1951 740 2021 librariorum
761 1963 835 2020 turn
856 1951 1032 2022 audaciam
1048 1970 1162 2018 corre-
1255 1951 1256 1958 ’

176 2065 311 2124 ctorum
343 2073 388 2121 ex
419 2075 482 2121 suo
501 2051 637 2144 ingenio
661 2048 857 2120 addentium
878 2062 914 2119 et
938 2048 1163 2118 emittentium

176 2163 325 2223 accusat.
350 2150 672 2238 Alexandrianum,
695 2149 835 2240 ¹antiqua
861 2147 1177 2236 sedesliterarum,

177 2249 221 2320 ob
237 2249 373 2318 nimiam
384 2249 596 2326 sedulitatem
607 2261 642 2319 et
652 2248 849 2319 eruditionis
860 2247 1048 2319 sollertiam
1059 2247 1164 2318 inter·
1256 2262 1257 2274 ¹

178 2345 386 2437 polatiomun
402 2369 537 2439 quoque
551 2347 795 2438 permultorum·
809 2347 844 2416 in
862 2369 896 2417 n.
913 2347 954 2416 Τ.
975 2359 1085 2416 mater
1102 2367 1167 2415 ex-

83 2497 85 2506 1
179 2446 307 2518 stitisse
333 2447 482 2534 videtur,
512 2468 597 2536 quas
619 2452 821 2518 anctoritate
844 2447 971 2516 floreus
988 2445 1108 2516 civitas
1130 2457 1167 2518 et

16 2579 19 2590 a
134 2552 139 2564 '
178 2544 477 2637 propelegislatrix
490 2543 728 2635 interpretibus
738 2545 900 2616 vetustis:
923 2545 1045 2635 Copto,
1059 2545 1167 2635 syro,

179 2645 305 2732 Arabi,
353 2646 525 2730 Armeno,
569 2645 727 2733 Persico,
772 2643 912 2715 traditas
956 2645 1167 2737 propagavit.

180 2742 266 2812 Asia
295 2753 332 2810 et
356 2742 494 2832 Europa
513 2755 651 2838 contra,
670 2739 776 2812 ‘velut
801 2743 911 2834 patria
938 2747 1107 2812 Actorum
1133 2753 1171 2810 et

181 2837 421 2930 epistolarum,
435 2843 599 2913 mucosus
606 2841 782 2912 libidinem
795 2842 1077 2932 interpolatorum
1093 2855 1171 2910 tan·

182 2959 287 3029 quarn
312 2939 463 3028 praesidia
492 2939 617 3010 habuit
631 2940 838 3030 exemplaria
861 2941 891 3011 si
912 2961 981 3009 non
1008 2951 1171 3033 autogra-

181 3036 269 3128 pha,
293 3049 387 3108 certe
408 3038 602 3134 apographa
622 3039 663 3109 de
679 3039 746 3111 illis
764 3061 825 3132 per
839 3038 1093 3110 succentorum
1104 3061 1172 3129 pne

182 3134 307 3212 ‚ceteris
337 3136 452 3225 purius
482 3150 518 3206 et
539 3139 706 3210 sincerius
732 3137 920 3230 descripta,
956 3137 1093 3229 adquae
1114 3157 1173 3207 re·

147 3291 150 3298 .
184 3253 322 3306 currere
354 3235 390 3303 in
415 3249 575 3327 promptu
599 3249 704 3315 *esset
747 3237 919 3332 Quocirca
940 3237 1172 3308 Tertullianus

184 3330 227 3406 de
244 3333 556 3423 Praescriptionibus
584 3357 615 3405 c.
635 3339 687 3408 36.
706 3337 810 3406 Afros
830 3357 913 3406 suros
937 3333 981 3405 ad
1005 3334 1173 3408 ecclesias

132 3465 136 3530 j
184 3432 390 3520 apostolicas
420 3432 606 3526 delegauit,
626 3447 667 3504 ut
689 3432 754 3505 sibi
772 3431 824 3502 ¹de
843 3433 988 3504 veritate
1010 3431 1172 3504 editionis

184 3553 220 3603 ιι.
244 3531 285 3602 T.
309 3533 563 3622 persuaderent.
684 3560 687 3568 ·

247 3631 341 3700 Scitu
358 3630 496 3723 dignum
513 3643 585 3720 est,
607 3629 649 3703 ad
664 3633 784 3724 quales
803 3651 935 3704 errores
951 3645 1097 3725 unaque
1111 3651 1176 3701 co-

119 3737 124 3750 *
186 3726 448 3820 dicumfclassis
477 3731 627 3800 maxime
654 3732 812 3820 inclinet,
841 3733 941 3802 utin
968 3730 1175 3802 lectionibus

187 3823 411 3908 dijudicandis
447 3827 597 3920 constet,
632 3832 700 3902 utri
725 3835 837 3904 minus
868 3832 948 3901 fidei
979 3830 1177 3912 habendum

186 3924 244 3994 ait
287 3925 472 3997 Nimirum,
488 3929 523 3998 in
552 3933 660 4002 classe
677 3929 877 4002 occidentali
899 3930 1039 4010 lasciuia
1058 3949 1180 3999 corre-

186 4033 322 4098 ntorum
330 4023 511 4118 celeritas,
525 4049 661 4121 (posuerw
670 4030 949 4126 proprioingsnio
957 4045 1065 4102 nouas
1076 4027 1196 4120 lingit-
