2532 4528
118 437 339 510 alexandrina
360 437 480 510 heberi
500 449 661 528 possent,
684 435 820 511 circitor
841 435 982 510 tetidem
1001 457 1104 530 pecus

115 538 255 609 lienibus
271 535 474 608 lectionibus
498 531 648 628 gaudere
680 533 864 626 deberent,
891 557 1004 630 neque
1026 560 1107 610 cum

114 637 244 710 familia
262 635 368 707 latina
390 656 455 713 nec
469 657 547 706 cum
564 633 675 708 classe
688 631 843 707 orientali
859 637 1105 714 communibus.

117 739 248 818 Contra
270 749 402 808 tantum
416 734 451 806 in
468 735 496 806 L
516 734 623 824 loeis,
645 734 753 826 iisque
767 755 886 825 parum
899 734 1102 825 insignibus,

115 836 317 920 membrana
343 857 430 905 isc
459 855 592 906 seusu
618 853 680 904 seu
704 853 833 906 acseu
854 855 905 904 nc
936 855 1032 904 scus
1065 839 1105 908 17.

116 936 256 1026 proprio
284 934 402 1006 Marte
425 933 599 1010 incedunt.
640 931 740 1004 Atin
762 931 990 1022 ponderandis
1010 934 1105 1004 ccdi-

118 1036 214 1104 cibus
243 1046 280 1104 et
308 1033 345 1104 in
371 1045 470 1106 textu
491 1031 691 1125 castigando
716 1031 862 1104 mutum
882 1031 1023 1104 interest
1030 1059 1105 1124 ,=u-.

119 1148 208 1228 trum
224 1132 438 1205 Griesbschii
453 1156 496 1204 au
509 1143 667 1204 nostrum
681 1151 847 1205 canonem
862 1131 1013 1222 adoptes.
1044 1134 1106 1204 lllc

116 1233 153 1308 io
162 1233 240 1304 odd.
254 1253 303 1302 cn
312 1251 453 1304 conso
468 1229 907 1320 convenientibuscunctis,
918 1253 980 1304 seu
992 1233 1105 1304 demto

117 1333 233 1424 aliquo
246 1354 292 1402 ex
304 1331 467 1402 alterutro
481 1327 536 1398 vel
549 1339 695 1420 utraque
709 1327 853 1418 familia,
869 1329 1106 1422 gravissimum

116 1433 319 1522 suffragium
336 1427 465 1520 duplex
487 1425 650 1500 adversus
664 1425 811 1504 classem
832 1427 1028 1500 orientalem
1055 1431 1105 1500 in-

42 1543 47 1558 ·
118 1530 235 1600 uenire
248 1526 312 1597 sibi
325 1524 513 1637 persuasit,
535 1522 599 1598 nce
612 1525 927 1619 unumsuffmgium
942 1526 1106 1616 bilingue,
1174 1617 1175 1624 ἵ

116 1650 189 1718 qno
211 1624 441 1698 testimonium
461 1625 671 1742 contrarium
689 1622 852 1697 orientale
873 1625 1025 1698 nondum
1046 1628 1106 1696 ob

119 1723 329 1796 tunderetur.

180 1828 218 1894 D.
238 1823 295 1892 Jo.
318 1820 516 1892 Leonardus
532 1819 678 1913 Hamus
694 1821 994 1896 introductionem
1010 1847 1044 1892 n.
1066 1823 1105 1896 T.

102 1922 164 2010 Τ.
180 1930 211 1994 1.
232 1945 266 2028 p.
291 1921 362 1992 1st.
391 1932 485 1993 reete
510 1918 647 2012 quidem
674 1919 810 1994 codices
841 1922 989 1996 unciales
1009 1935 1105 1998 arcto

121 2009 256 2092 vinculo
285 2040 398 2090 nexos
417 2035 503 2100 esse
526 2018 695 2102 cognovit
735 2019 803 2092 Sed
821 2019 854 2090 id
871 2022 966 2112 quod
985 2022 1108 2094 Hiero

120 2143 243 2210 nymus
257 2115 475 2208 prefatione
465 2135 501 2186 ru
515 2117 774 2207 Paralipomena
787 2115 830 2188 de
842 2119 985 2208 triplice
990 2143 1107 2192 r·eoen

120 2225 216 2292 sione
243 2217 368 2290 veteris
383 2214 578 2289 testamenti
599 2238 621 2286 a
640 2217 853 2300 septuaginta
868 2217 1106 2306 interpretibus

121 2321 278 2389 conversi
321 2316 446 2403 refert,
501 2313 683 2387 editionem
722 2313 797 2393 ejus
845 2311 1018 2406 vulgatam
1066 2317 1107 2389 ab

121 2414 295 2502 Hesychio
321 2413 358 2490 iu
396 2429 496 2483 usum
529 2409 841 2490 Alexandrinorum
875 2425 912 2486 et
943 2416 1110 2506 Aegypte

123 2537 238 2600 crum,
260 2509 447 2584 aLuoiauo
465 2531 527 2600 pro
548 2509 959 2601 constantinopolimque
976 2514 1107 2588 edlin-¹

122 2609 303 2699 tioehiam,
321 2622 430 2699 atque
426 2609 478 2681 ab
500 2605 772 2700 OrigenePalaest
759 2610 945 2685 cinensibus
964 2613 1109 2701 proban
1217 2675 1220 2682 .

124 2711 214 2780 tibus
231 2709 445 2802 recognitam
464 2727 556 2794 esse,
580 2705 743 2786 arbitratu
763 2725 839 2784 suo
850 2703 895 2778 acl
913 2709 1121 2782 universum.

124 2807 279 2878 codicem
299 2806 463 2878 biblicum
482 2817 642 2896 tanquam
660 2803 701 2872 ab
720 2801 772 2873 his
799 2806 1006 2890 recensitum
1022 2821 1057 2878 et
1075 2810 1109 2882 in
1191 2839 1194 2844 ·
1259 2785 1260 2790 ¹

124 2908 234 2982 varias
261 2905 418 2996 regiones
457 2901 633 2973 istomodo
662 2916 886 2990 propagatum
918 2908 1106 2998 uamtulit3

123 3018 160 3074 et
168 3003 324 3074 demde
315 3027 350 3072 m
375 3001 478 3072 libros
496 3023 601 3074 manu
617 3001 762 3088 scriptos
784 3025 828 3074 ιι..
845 3003 887 3074 Τ.
906 3001 1109 3096 dispiciens,

123 3101 302 3193 vulgarem
325 3100 507 3171 editionem
537 3097 615 3182 (rili
630 3095 724 3174 mariv
740 3095 881 3182 laneo)
902 3100 1110 3194 interpolati.-

119 3202 249 3289 cnibus
268 3198 453 3270 foedatam
444 3221 479 3266 in
495 3218 575 3268 nse
585 3197 804 3286 o,Hesycl1ii
820 3200 1057 3275 recensionem
1074 3204 1110 3274 iu

125 3285 376 3380 unc(17.46.
406 3294 544 3386 Paul.,)
568 3297 1111 3410 Lucianiinpeneonmibusli

128 3397 195 3466 bris
228 3396 417 3467 minoribus
450 3347 555 3469 literis
568 3455 571 3462 .
585 3395 798 3486 perscriptis,
813 3407 865 3468 et
888 3396 1085 3482 ‚origenis
1075 3421 1110 3470 rc

128 3494 348 3566 translatione
381 3493 619 3584 philoxeniana
651 3515 827 3570 remanere
862 3497 1002 3585 putavit.
1045 3495 1109 3570 Sed
1172 3532 1173 3538 ¹
1210 3575 1215 3578 ,

128 3593 267 3686 omnino
280 3591 418 3671 dubium
431 3605 502 3678 cst,
518 3592 608 3666 illine
625 3593 837 3668 tritunviriiu
860 3617 894 3666 u.
909 3596 950 3665 T.
964 3594 1111 3667 studium
1259 3605 1260 3614 ’

127 3690 319 3780 posuerint,
342 3713 447 3781 quum
463 3691 688 3775 Hieronymus
710 3691 899 3782 prefatione
911 3694 946 3764 in
961 3708 1113 3785 quatuor

110 3789 289 3880 Evangel.
312 3787 355 3860 ad
371 3789 554 3860 Damasum
567 3789 703 3860 codices
717 3789 885 3879 quosdam
899 3813 933 3872 n.
950 3792 991 3864 Τ.
1014 3793 1113 3862 an-
1228 3837 1233 3846 ·

39 3963 45 3974 „
126 3889 225 3958 eisno
241 3901 276 3960 et
289 3886 460 3977 Hesychic
472 3901 682 3978 nuncupatos
695 3889 822 3960 diceret
835 3890 1023 3961 secundnm
1033 3912 1114 3980 peu
1180 3949 1183 3962 ,

131 4007 250 4066 corum
268 3985 451 4066 somnum.
463 4005 658 4076 perversam
675 3985 945 4078 contentionem,
968 4008 1112 4077 quorum
