2480 4528
170 331 240 400 ’281
848 345 1174 400 ADEv0.Mmm1-
1235 367 1236 402 r

167 465 251 552 sas.
267 477 917 582 pmbpapddporomniuoornitteretur,
928 475 1169 548 Schulzioau-

178 589 314 648 eruente.
346 577 433 648 Fieri
447 599 537 669 eque
551 575 673 666 potuit,
688 588 737 662 ut,
753 576 782 646 si
797 577 874 666 quis
890 575 1030 668 vulgare
1048 599 1169 648 exem-

179 677 290 769 plum,
314 676 372 746 ubi
393 677 583 747 istaverba
602 675 689 746 inter
709 674 836 764 duplex
857 669 1168 775 Qudne-interja-

169 778 302 846 cebant
321 775 448 864 media,
471 776 671 846 ibstinanter
695 775 920 863 describeret,
948 774 1177 870 eatobbanc

171 897 318 944 *eausam
339 874 542 964 praeteriret;
567 873 737 964 quomodo
760 872 1169 947 Griesb.iuCon1m.cr.

179 971 214 1062 pss
229 981 269 1044 25
290 973 353 1043 sibi
371 972 549 1069 persuasit,
561 1007 602 1026 -a
624 971 782 1042 Scholion
798 973 1053 1072 pronpdp'bge,
1076 977 1170 1063 quod

180 1074 330 1162 postdb'o
352 1070 453 1164 vulgo
476 1070 643 1160 adjicitur,
667 1071 707 1140 ab
730 1073 883 1141 omnibns
907 1069 976 1140 fere'
997 1075 1075 1140 intt
1097 1073 1169 1142 etfi

181 1170 245 1246 afr.
268 1170 345 1244 cdd.
367 1170 472 1240 abest.
1236 1230 1237 1266 ,

173 1312 176 1320 =
242 1292 275 1342 v.
292 1271 343 1342 to.
372 1263 482 1347 adibo,
504 1267 595 1360 quod
611 1267 763 1358 Griesb„
784 1269 974 1340 Matthaius
997 1284 1032 1340 et
1046 1271 1171 1340 Schol·
1236 1271 1237 1296 ¹

181 1369 255 1458 aius
278 1380 354 1438 aute
377 1367 485 1441 natator
500 1387 528 1434 ,e
543 1366 586 1440 cl.
598 1390 650 1438 cr.
666 1382 913 1456 susceperunt,
931 1370 1104 1449 correctio
1114 1369 1169 1443 fu-

181 1479 254 1536 erat
275 1468 359 1551 ejus,
381 1465 436 1535 cui
452 1467 561 1542 odr'bor
577 1465 715 1539 nimium
732 1467 844 1535 dicere
861 1465 1045 1536 videretur.
1083 1468 1167 1538 Sane
1236 1463 1237 1554 i

180 1565 277 1639 edida
296 1565 333 1632 iu
352 1563 466 1634 locum
477 1563 588 1638 abta
605 1565 871 1636 substituebatur
884 1566 1021 1655 inaliis,
1044 1566 1082 1636 in
1098 1567 1167 1637 aliis

181 1675 363 1753 utrumque
393 1662 672 1754 conjungebatur.
693 1705 735 1720 -
762 1663 875 1739 Godt
899 1688 931 1738 v.
947 1668 989 1736 75
1012 1666 1169 1758 agnoscit

180 1764 225 1833 at
244 1773 323 1832 aute
345 1762 433 1834 Ἰησῧ.

557 1881 608 1952 ’οζ
628 1883 782 1954 xxvlt.

242 2006 276 2050 v.
291 1993 322 2058 9.
350 1983 433 2053 Cum
453 1981 555 2074 vulgo
577 1981 631 2054 rbd
645 1983 782 2085 bagusta,
803 1985 836 2053 in
854 1984 906 2054 cd.
922 1993 1031 2078 gr.·22
1043 1984 1170 2077 synp.

183 2084 218 2151 in
232 2103 345 2175 marg.
366 2094 400 2151 11
418 2105 485 2151 uno
508 2105 528 2153 e
549 2081 626 2154 cdd.
648 2082 790 2154 arabicis
816 2082 868 2153 dd
892 2086 1029 2184 Ταχαςίκ
1057 2085 1171 2167 (cujus

183 2203 265 2250 sane
287 2195 340 2252 est
359 2180 573 2270 vaticinium,
601 2183 789 2272 e.1t,13),
809 2182 934 2252 inuno
957 2205 975 2251 e
999 2182 1082 2257 cdd.
1097 2181 1172 2252 Itali

156 2359 157 2362 Ἴ
183 2278 408 2370 Redigeriano
430 2275 600 2353 bdvbtootb
619 2276 776 2371 legatur,
789 2303 892 2371 prope
908 2280 1013 2350 fidem
1029 2281 1172 2369 accedit,

183 2399 307 2447 nomen
336 2378 503 2469 propheto
525 2403 545 2450 a
564 2379 689 2450 Matth.
706 2379 787 2468 'ipso
814 2379 946 2460 silentio
969 2381 1173 2470 pretermis-

187 2499 261 2544 sum
292 2499 310 2546 a
337 2480 525 2567 posteriore
555 2478 688 2546 demum
710 2477 837 2547 lectore
861 2477 1033 2561 adjectum
1055 2481 1172 2552 fuisse.
1237 2493 1238 2540 1

185 2573 238 2643 Ε1
257 2597 338 2643 vero
360 2577 557 2658 conjectura
575 2577 734 2669 gravibus
755 2576 898 2647 testibus
920 2577 1175 2666 (educaret,

186 2693 274 2762 quos
297 2673 394 2763 copia
413 2675 578 2744 bonarum
599 2674 781 2744 lectionum
804 2674 974 2745 excellere
989 2699 1099 2767 supra
1112 2678 1172 2745 do·
1237 2731 1238 2748 i

177 2771 265 2856 -cui,
283 2772 357 2854 syr.
378 2771 472 2841 Pers.
494 2772 570 2846 odd.
591 2773 634 2841 It.
657 2773 873 2845 translatione
894 2797 1078 2868 neograeca
1096 2775 1174 2849 cdd.
1237 2787 1238 2806 ¹

187 2867 279 2956 apud
300 2869 545 2961 Augustiuum)
566 2871 735 2961 firmatur,
757 2874 876 2962 quibus
898 2895 981 2963 ego,
1003 2885 1171 2960 praeunte

182 2965 363 3060 Bengelio,
392 2969 546 3039 assentiri
573 2969 681 3058 malo,
709 2993 809 3061 quarn
839 2969 1087 3059 Griesbachio,
1117 2972 1175 3062 qui

186 3064 438 3157 Evangelistam
469 3069 631 3138 memoria
659 3069 789 3159 lapsum
822 3091 897 3140 esse
927 3072 1112 3158 supposuit
1139 3071 1174 3137 in

188 3164 320 3239 Comm.
339 3187 385 3236 cr.
401 3166 437 3234 ΙΙ
459 3190 491 3255 p.
505 3173 557 3237 31.ι
589 3171 638 3236 Ar
653 3167 870 3258 quamobrem
883 3165 1064 3254 deremias,
1084 3165 1175 3256 apud

181 3281 289 3349 ‘quem
310 3261 400 3331 istud
422 3266 560 3334 effatum
581 3288 649 3334 non
671 3266 854 3356 reperitur,
876 3279 1004 3335 temere
1028 3289 1047 3334 a
1069 3265 1177 3334 libra-

187 3357 246 3426 riis
261 3358 505 3438 inducebatur?
530 3364 643 3433 Audio
659 3376 693 3433 et
707 3362 934 3454 respondebo,
950 3363 980 3432 si
996 3365 1077 3453 quis
1093 3363 1178 3432 mihi

186 3455 331 3542 dixerit,
357 3479 419 3527 eur
440 3460 550 3532 codex
571 3462 814 3554 Redigerianus
835 3462 985 3533 Jesaiam
1006 3462 1179 3535 intulerit.

188 3551 338 3622 Aliunde
360 3571 508 3648 constat,
529 3561 682 3632 librarios
704 3583 744 3630 ea
766 3560 898 3650 ineptia
911 3560 1018 3630 fuisse
1026 3611 1038 3647 ,
1067 3575 1109 3629 ut
1131 3562 1177 3630 ad

131 3699 135 3703 -
189 3650 274 3722 falsa
287 3655 423 3724 nomina
438 3659 677 3746 prophetarum
692 3659 830 3730 fortuito
848 3659 1086 3752 confugerent
1118 3660 1177 3727 Ita

190 3755 341 3840 1.21,4,
366 3754 424 3822 ubi
444 3756 568 3832 Matth.
591 3757 721 3826 nullum
744 3755 942 3847 prophetam
962 3757 1176 3840 nominavit,

4 3893 6 3904 .
190 3848 266 3920 intt.
282 3850 411 3939 Coptus
427 3865 461 3920 et
474 3852 575 3924 Aeth.
593 3854 645 3924 bd
660 3849 764 3928 ‘ureb
784 3869 819 3926 et
831 3854 886 3925 cd.
900 3877 949 3948 gr.
965 3857 1088 3947 Mosq.
1104 3856 1177 3944 θ’,

98 3951 134 4012 .’
192 3941 300 4046 9112
321 3959 354 4014 11
376 3947 452 4016 cdd.
469 3947 510 4016 It.
535 3949 735 4053 bdzegagr‘e
756 3953 891 4029 habent.
925 3951 1056 4037 Eadem
1072 3955 1181 4043 sedu-

191 4033 266 4108 11111
294 4041 462 4150 imperita,
490 4069 557 4140 qua
584 4073 707 4122 nornen
729 4051 903 4149 prophete,
918 4049 1178 4144 inculcabatur,
