2532 4528
1041 251 1091 368 tr.¹

96 455 302 542 4444444444
306 454 385 524 uice
399 437 585 546 44444444,
580 433 700 524 ocor.
714 437 747 542 t,
763 453 784 522 4
797 449 909 522 demto
924 452 984 586 pti,
988 447 1084 546 Eph.

94 560 130 643 5,
152 561 194 622 13
214 553 255 619 Ν
273 523 351 623 loco
375 554 502 652 peip·
801 579 805 594 ·

127 650 497 722 maenomenon
527 587 655 722 codicis
681 657 741 722 109
763 649 872 719 textui
893 669 1003 744 greco
1026 670 1086 721 an

94 769 205 840 nona,
225 762 279 819 est
299 750 437 840 quidem
453 749 614 820 editionis
629 745 803 840 Vulgata,
823 747 887 816 sed
902 759 1013 818 tamen
1030 751 1088 830 44,-

93 848 202 918 lectas
216 848 381 938 quasdam
399 849 597 945 'scripturas
592 846 703 916 habet
718 845 873 916 antehier
877 849 1086 938 ony‘mlanas‚

94 946 185 1016 unde
208 946 426 1015 notabiliores
447 945 701 1036 e'ucerpe'udns¹
698 945 802 1013 duxi:
842 945 1021 1016 Nonnulla
1043 946 1086 1016 'de

95 1059 194 1116 textu
221 1065 336 1136 greco
362 1045 477 1114 vicino
501 1046 673 1115 assumsit
716 1043 811 1112 Inest
831 1043 983 1112 nonnihil
1005 1067 1086 1135 prae

97 1145 195 1213 claras
222 1141 398 1212 lectionis:
431 1135 505 1210 dcl
529 1153 548 1211 2
533 1184 570 1240 ,
588 1147 629 1214 47
659 1155 742 1210 cum
759 1140 920 1211 Peschito
944 1154 980 1210 et
1009 1163 1088 1212 cum

96 1239 252 1334 margine
273 1241 349 1311 libri
363 1231 434 1313 66
434 1229 664 1312 nominativus
679 1238 792 1337 >ipis-l<
813 1219 890 1308 loeo
905 1241 1010 1337 xpri
1025 1263 1089 1310 ex-

95 1363 238 1430 pressus
260 1353 338 1430 4444
361 1341 464 1410 Hehr.
489 1347 529 1429 4,
549 1334 575 1410 ’4
592 1338 883 1429 impeditissimum
905 1337 1044 1407 locum
1039 1355 1086 1408 ex

95 1461 164 1508 uno
194 1451 313 1508 nostro
323 1391 425 1507 libro
454 1390 562 1511 latiho
590 1435 776 1505 omittendo
805 1435 872 1537 pte
898 1436 941 1510 ad
969 1447 1089 1522 sanam

94 1537 266 1608 rationem
287 1533 464 1644 persensiit
487 1557 592 1627 posse
615 1535 776 1606 arbitror:
797 1557 829 1604 v.
851 1547 923 1603 not.
947 1535 1022 1606 4444.

104 1637 244 1706 Cum
261 1631 422 1705 Sariceni
444 1633 658 1726 aliquando
648 1657 681 1703 m
696 1632 804 1702 sicilia
820 1631 1105 1730 (4444444444444444,Ι

95 1729 218 1805 eorum
247 1750 377 1804 sermo
386 1735 441 1802 ln
449 1733 570 1804 codice
601 1740 660 1804 1⁰9
687 1751 873 1822 expressus
901 1738 1088 1849 repetitum

95 1855 207 1923 neque
233 1855 316 1901 vero
340 1845 393 1902 est
414 1832 532 1903 eadem
555 1831 734 1902 translatio
758 1832 928 1919 Arabica,
957 1857 1030 1924 quae
1052 1832 1089 1902 in

97 1930 213 2000 Bihliis
229 1923 423 2020 polyglottis
442 1930 712 2001 Condineusibus
728 1925 1005 2021 deprehenditur,
1026 1932 1089 2002 sed

98 2051 163 2117 prae
176 2028 243 2098 alia
256 2031 361 2097 verba
375 2051 483 2118 grana
496 2029 652 2120 proxime
670 2042 833 2117 sectatur,
853 2042 892 2098 ut
908 2029 1087 2102 Morellius

93 2127 116 2197 l.
138 2149 168 2196 o.
194 2149 240 2196 ex
263 2149 323 2196 ore
344 2126 496 2196 Matthia
514 2127 697 2218 Norhergii
720 2127 951 2211 Augermauni
971 2131 1087 2202 retent.

150 2225 315 2296 Clausuhe
327 2224 403 2296 loco
416 2232 457 2296 de
470 2233 706 2312 consecutione
716 2225 888 2296 'librorum
902 2247 1090 2298 sacrorum

93 2326 214 2418 paucis
237 2349 446 2395 moneamus.
486 2326 525 2394 ln
549 2347 679 2410 canone
696 2330 735 2396 59
750 2323 872 2419 synodi
886 2323 1089 2398 Laodicenos

95 2449 186 2495 auno
201 2426 264 2494 tot
283 2423 402 2493 habitae
416 2424 508 2493 Aeta
529 2445 606 2491 cum
631 2422 781 2512 epistolis
804 2423 985 2496 catholicis
1007 2448 1090 2516 prae-

96 2522 226 2594 cedunt
249 2522 375 2612 scripta
396 2521 506 2591 Pauli.
548 2521 708 2590 Eundem
730 2522 883 2592 ordinem
906 2525 1090 2594 observant

94 2643 176 2690 cum
199 2632 332 2688 veteres
354 2618 569 2708 interpretes,
592 2632 664 2688 tum
687 2620 824 2692 codices
846 2624 947 2706 graeei
969 2644 1086 2693 omnes

93 2719 266 2810 hodieque
288 2717 436 2810 cogniti,
460 2719 517 2806 qui
539 2720 595 2788 vel
618 2719 787 2810 integrum
809 2745 842 2790 n.
864 2721 906 2790 T.
928 2720 984 2791 vel
1004 2728 1102 2790 444·ι

95 2832 169 2887 ctas
205 2815 369 2904 epistolas
402 2815 683 2907 complectuntur.
736 2818 804 2912 Qui
836 2841 917 2887 vero
950 2820 1088 2892 codices

93 2918 188 2986 Aeta
214 2928 250 2984 et
277 2913 435 3004 epistolas
463 2915 498 2982 in
532 2915 599 2984 duo
630 2935 775 3006 corpora
804 2917 974 3008 dividunt,
1003 2942 1091 2992 nun-

96 3039 202 3106 quam
227 3015 318 3082 Acta
347 3014 413 3082 uni
445 3035 522 3082 cum
550 3014 657 3083 Paulo
689 3015 996 3108 comprehendunt,
1027 3015 1091 3087 sed

94 3115 190 3182 Acta
213 3127 292 3182 cum
315 3110 466 3202 epistolis
490 3112 668 3185 catholicis
693 3139 762 3183 uuo
784 3116 976 3203 volumine,
999 3128 1034 3184 ct
1055 3117 1091 3186 in

99 3213 209 3282 altero
230 3211 375 3280 Paulum
390 3233 545 3282 seorsum
561 3215 734 3281 continere
750 3213 869 3284 solent.
907 3215 1012 3286 Recte
1028 3215 1092 3308 igi-

96 3323 154 3378 tur
172 3309 216 3380 el.
228 3309 385 3378 Mattiaci
399 3309 522 3380 fecisse
538 3309 618 3378 mihi
634 3311 776 3402 videtur,
793 3326 831 3382 ut
848 3335 923 3381 eum
937 3313 1090 3382 ordinem
1160 3370 1164 3378 .

95 3413 134 3480 in
163 3411 311 3478 editione
342 3433 377 3478 n.
400 3409 439 3476 T.
462 3421 658 3490 revocarem
688 3412 762 3499 plus
793 3413 881 3480 enim
909 3413 1090 3484 consensui

97 3510 252 3579 eeclesiae
281 3507 421 3597 antiquae
443 3530 546 3598 quam
569 3508 750 3578 arbitrario
771 3512 949 3598 mutationi
970 3535 1090 3584 recen·

98 3608 226 3675 tiorum
247 3605 474 3674 tribuendum.
511 3607 604 3695 Saepe
625 3629 767 3677 numero
792 3610 826 3678 in
842 3610 946 3680 literis
962 3610 1091 3680 tactum
1184 3695 1187 3702 Ι

99 3719 171 3796 444,
196 3719 235 3774 44
257 3705 370 3794 opinio
396 3726 514 3774 recens
537 3706 690 3777 instituta
711 3720 763 3778 tot
785 3711 900 3780 socios
924 3722 958 3779 et
980 3732 1088 3782 caecos

101 3801 249 3874 asseclas
270 3804 457 3892 invenerit,
479 3817 517 3872 ut
533 3801 687 3876 homines
703 3810 847 3897 imperiti
863 3832 998 3898 semper
1014 3832 1090 3882 eam

102 3899 289 3974 obtinuisse
304 3901 373 3973 sibi
384 3901 640 3993 persuaderent.
668 3904 860 4002 Baopclius
875 3909 1013 4000 quidem
1026 3907 1092 3982 hac

836 4009 995 4104 sp
