2480 4528
75 369 184 420 canor
206 365 308 417 xxm.
993 337 1058 406 283

70 495 317 587 discrepantia,
337 507 410 566 tum
428 495 563 564 interna
579 493 668 563 ratio
689 491 821 567 suadet.
863 490 954 562 Natu
973 511 1059 561 eon·

68 599 200 681 junctio
223 597 277 668 nel
294 608 374 664 aute
389 598 507 666 πονλόν
528 591 665 662 rarioris
686 588 863 682 potestatis
884 589 928 660 ad
946 588 1060 681 dupli·

69 719 147 766 cem
176 715 327 766 errorem
354 693 508 783 induxit,
537 713 617 760 cum
638 704 699 760 aut
718 693 932 760 omitteretur
952 691 1006 760 ul
1021 689 1059 760 iu

69 796 98 864 f.
113 797 173 864 afr.
194 797 280 885 (que
301 793 337 861 iu
360 804 475 861 cetera
494 789 662 879 scriptura
676 789 799 874 syrum
813 787 897 864 hier.
912 787 1059 858 fideliter

74 892 286 980 comitatur),
308 901 368 959 aut
388 888 594 960 adderentur
614 889 649 958 in
671 887 714 958 cl.
730 909 779 957 or.
800 890 904 958 verba
917 890 963 980 rig
976 880 1059 988 aiga

71 1003 151 1061 ante
168 984 309 1092 ‘'re-opor.
346 989 561 1082 Quamquam
583 987 751 1076 suspicor,
774 985 997 1078 archetypum
1014 985 1057 1058 cl.

72 1111 125 1162 or.
145 1087 296 1158 noluisse
317 1087 433 1157 iterari
452 1088 497 1179 rix
512 1077 611 1185 uigor,
631 1084 692 1155 sed
711 1083 844 1156 sublata
858 1107 899 1154 ea
914 1095 992 1154 ante
1006 1083 1059 1155 ael

47 1260 50 1282 ἶ
70 1191 190 1257 numdi
205 1187 455 1277 transposuisse
469 1198 548 1256 ante
563 1178 704 1284 'rs-0901,
725 1205 835 1274 eaque
850 1195 969 1274 postea
982 1197 1060 1253 tau-

68 1287 153 1356 dem
172 1299 316 1377 utroque
337 1286 414 1356 loco
437 1281 590 1354 exhibita
610 1303 696 1353 esse.
738 1283 797 1352 lld
814 1280 1060 1376 suspicandum
1092 1334 1094 1344 .

71 1386 213 1459 adducit
230 1407 285 1454 me
308 1383 360 1455 cd.
383 1403 425 1473 o,
454 1383 514 1474 qui
537 1403 732 1476 genuanam
759 1381 962 1473 scripturam
982 1382 1060 1467 Syri

67 1485 212 1575 copulat
241 1507 318 1553 cum
346 1482 474 1571 altere,
502 1503 573 1574 que
601 1477 653 1551 eal
677 1482 724 1568 ἐχ
748 1475 830 1651 rifat
857 1484 1059 1576 transponit.

66 1583 212 1655 Scilicet
238 1581 272 1652 in
302 1583 455 1674 margine
480 1581 534 1651 sui
554 1579 757 1671 exemplaris
793 1583 936 1654 ibrarius
958 1581 1012 1656 od
1033 1601 1057 1650 o

64 1683 261 1752 invenerat:
283 1681 426 1770 primum
441 1680 494 1752 nal
508 1680 556 1774 ἐχ
570 1670 665 1780 siper,
685 1677 723 1752 el
739 1679 802 1771 ἔξῦς
818 1680 870 1760 (vl
884 1679 961 1772 ἓξῖς,
981 1694 1059 1751 utut

68 1792 278 1876 repugnaret
298 1777 507 1849 Fritzschius
528 1799 561 1868 p.
583 1780 664 1865 788,
693 1779 935 1852 Griesbachius
963 1795 1059 1853 recte

67 1879 313 1968 interpretatus
336 1890 389 1948 est
405 1877 642 1968 sequentia3*l
661 1876 849 1948 subauditio
870 1881 984 1952 verbis
1005 1882 1059 1954 sel

67 1985 195 2051 nomo
213 1982 361 2076 reformet.
380 1979 538 2066 pompa„-
550 1997 623 2066 quae
647 1987 700 2044 est
721 1974 796 2065 ipsa
817 1991 935 2050 nostra
954 1978 1058 2050 lectio
1171 2051 1175 2060 ,

64 2076 290 2168 emendata)3
316 2074 436 2144 deinde
460 2076 512 2146 eal
529 2074 640 2146 ’ννονλνὶ
658 2078 828 2174 repetitio
848 2079 1058 2179 ψννῶμᾶᾢν-

64 2205 135 2278 μς,
161 2173 213 2270 aa}
237 2176 284 2267 ἐχ
307 2165 407 2276 culpor,
430 2171 468 2245 ri
491 2172 554 2263 ὃξῖς
582 2173 626 2250 (l.
649 2171 680 2244 el
706 2178 905 2265 sequentia,
936 2199 1059 2267 nempe

63 2271 180 2374 ὕςιςον
196 2279 234 2344 dl
242 2275 274 2353 l:
299 2295 400 2364 quam
420 2283 598 2362 utramque
619 2270 801 2342 lectionem
820 2273 940 2344 iisdem
958 2273 1059 2365 plane

63 2371 187 2443 verbis
211 2370 342 2442 fidelius
364 2393 469 2463 quam
490 2370 608 2440 scitius
628 2371 664 2439 in
686 2375 885 2442 contextum
907 2385 1059 2444 transtu·

61 2471 119 2542 lie
158 2469 246 2540 ilinc
268 2469 310 2538 ol.
333 2493 382 2543 or.
403 2472 449 2562 ἐχ
464 2461 545 2570 algor
567 2467 745 2559 dupliciter
766 2470 968 2562 exscripsit3
989 2495 1057 2564 quo

62 2569 159 2641 nihil
184 2570 329 2660 ineptius
358 2581 428 2658 est,
458 2569 524 2640 etsi
551 2567 629 2638 libri
652 2569 809 2658 impressi
829 2569 985 2664 vulgares
1007 2571 1059 2642 sio

63 2668 233 2740 habeant.
277 2667 411 2739 Griesb.
432 2668 511 2742 fam.
533 2666 595 2740 afr.
617 2679 754 2736 secutus
777 2677 847 2753 est,
874 2671 940 2741 nisi
965 2670 1059 2762 quod

57 2769 299 2839 inveteratum
320 2766 473 2837 ordinem
487 2770 668 2836 verborum
681 2775 800 2840 πολλῶ
817 2774 950 2861 decimu
967 2802 1060 2872 προς.

58 2873 147 2938 aas.
177 2867 347 2937 retineret.
388 2867 445 2936 Ex
470 2879 589 2936 nostra
621 2865 856 2937 emendatione
886 2868 1060 2962 eleganter

63 2967 130 3038 καί
150 2964 229 3034 loco
255 2966 360 3064 καιννερ
386 2963 534 3055 positum
563 2976 632 3053 est,
661 2966 763 3047 cujus
791 2989 872 3036 usus
902 2967 1060 3059 exempla

59 3067 89 3146 (
99 3065 137 3131 iu
159 3062 281 3152 quibus
305 3063 420 3130 itidem
440 3076 572 3134 veteres
595 3061 672 3132 cdd.
690 3061 895 3154 quandoque
910 3069 1060 3150 varlant)

54 3159 321 3234 Schleusuerus
338 3160 376 3234 in
398 3161 483 3234 Lex.
503 3159 523 3228 l.
543 3184 573 3254 p.
592 3167 673 3232 rtts
695 3163 880 3256 congessit.
914 3164 955 3233 In
971 3166 1058 3255 Syro

52 3262 157 3338 hier.
180 3259 238 3338 (de
260 3258 380 3328 ceteris
402 3259 476 3327 intt.
498 3259 610 3330 miuus
632 3260 754 3350 liquet)
777 3273 812 3328 et
826 3260 849 3334 f.
864 3260 926 3335 afr.
940 3267 1058 3334 πονλνῖν

53 3384 87 3431 a
113 3359 253 3428 nomine
276 3359 531 3456 troltpaglo‘por·
539 3359 739 3427 concinnius
754 3370 943 3448 separatur,
963 3374 1058 3433 uteo

49 3459 199 3530 arctius
222 3457 275 3528 nal
293 3478 369 3524 cum
385 3460 503 3526 πονλὸν
521 3455 694 3527 cohercet.
731 3455 887 3549 Vulgaris
904 3470 1060 3549 transpo-

48 3556 151 3628 sitio
176 3555 359 3653 pompegi.
381 3555 597 3656 oporraddr‘lor
618 3554 747 3642 effecit,
773 3568 810 3623 ut
831 3555 864 3622 iu
887 3557 1058 3628 nonnullis

42 3653 166 3728 libris
189 3651 233 3720 ob
256 3652 353 3744 signa
375 3653 599 3724 correctionis
619 3674 753 3722 comma
767 3652 952 3726 tel-aramis
968 3685 1059 3754 argac-

76 3905 119 3976 *)
136 3906 181 3962 Ita
194 3907 289 3962 ferme
303 3905 451 3979 Origenes
463 3927 490 3966 c.
505 3905 674 3977 Cels.1‚l0:
704 3890 742 3963 ro*
762 3888 823 3981 ἱξῖἷς
845 3895 883 3981 rii
901 3898 1004 3976 periret
1020 3899 1052 3944 ν’

134 3991 214 4062 ’Ῑνννὲ
227 3993 506 4088 ἀναγεγραμμένον,
525 4009 545 4064 i.
560 4028 585 4064 e.
599 4007 680 4080 quod
695 4013 769 4080 post
785 4003 1007 4063 nativitatemd

136 4089 286 4161 deinceps
302 4091 429 4148 relatum
447 4102 507 4148 est..
