2480 4528
211 325 273 396 tto
669 399 671 408 ,
870 345 1184 404 annumeraret

210 519 212 526 ν
277 477 377 550 v.ta.
406 493 456 544 nn
479 477 497 544 1
520 474 593 557 (me
614 471 688 562 ipso
708 473 809 553 teste)
831 476 879 544 ts.
894 481 945 545 33.
959 476 1088 550 69:124
1111 501 1188 550 cnm

211 572 283 644 aliis
296 573 380 643 edd.
400 595 471 663 gn,
494 576 602 662 Syrus
620 569 706 640 bier.
729 591 807 640 eum
827 568 868 640 al.
889 570 963 648 intt.
985 585 1019 644 et
1042 575 1188 648 Irenaeus

210 695 273 762 pro
294 665 374 771 cipp,
393 669 486 762 qnod
506 691 526 738 e
545 692 579 745 v.
592 669 633 740 tt
654 682 822 758 arreptum
842 667 985 760 uidetur,
1002 675 1112 774 ipipp
1128 695 1188 743 ex-

210 769 344 856 hibent,
358 768 456 858 ,quod
477 767 597 857 placet.
632 766 686 836 Sic
706 764 979 868 meliusvariant
999 767 1094 840 dicta
1107 777 1190 850 neb

116 879 120 886 '
211 880 246 938 et
260 869 318 958 41,
342 867 559 958 ejusdemque
580 865 629 934 rei
649 865 802 954 repetitio
823 862 957 934 vitatur.

242 1009 244 1016 ν
278 988 313 1041 v.
333 966 385 1036 14.
417 964 523 1038 Iidem
545 983 596 1032 sn
621 985 698 1032 cum
727 961 858 1032 duobus
886 962 958 1032 aliis
988 961 1067 1038 cdd.
1092 962 1137 1038 It.
1158 976 1191 1032 et

75 1081 81 1094 ·
209 1063 285 1158 Vlg.
307 1059 373 1165 ripa
393 1075 470 1151 post
496 1063 608 1137 basiis
634 1073 725 1130 recte
747 1071 887 1150 ponunt.
928 1061 1191 1150 Transponendi
1219 1075 1223 1084 ’

109 1199 111 1203 v
201 1161 423 1232 'occasionem
448 1158 539 1229 dedit
559 1161 640 1244 Luc.
656 1161 787 1250 12,1ο,
815 1159 904 1228 unde
925 1180 1015 1252 eque
1029 1159 1190 1234 ,nonnrdli

210 1263 381 1353 φυλακῇν.
397 1261 437 1330 ts
459 1259 493 1327 in
513 1254 579 1358 ripa
598 1259 797 1338 mutabant*

272 1382 304 1426 v.
319 1360 368 1428 46.
398 1352 456 1431 diu
480 1357 601 1432 noadaia
621 1378 640 1425 e
662 1356 704 1430 ci.
725 1377 820 1445 occ,
847 1375 991 1447 quacum
1013 1355 1102 1425 facit
1121 1355 1188 1424 Ire·

210 1478 312 1544 neus,
331 1467 524 1544 reponatur,
544 1453 705 1544 probante
721 1452 892 1524 Schulzio.
925 1453 1094 1523 lnuersus
1109 1451 1187 1522 ordo

211 1576 231 1621 e
253 1553 274 1621 1.
296 1577 326 1643 p.
348 1555 429 1622 Luc.
453 1560 504 1638 ta,
522 1559 577 1624 13.
617 1550 721 1622 Iidem
741 1551 825 1626 fere,
840 1549 916 1622 cdd.
940 1573 1020 1620 cum
1042 1551 1189 1644 Origene

210 1673 245 1725 v.
260 1653 299 1718 18
320 1651 405 1719 bene
426 1679 472 1737 pta
488 1651 612 1748 deripere
625 1648 758 1719 habent.
794 1649 883 1720 Nam
895 1651 912 1718 ὅ
925 1649 992 1750 arip·
1009 1679 1061 1739 pus
1077 1673 1098 1720 e
1114 1653 1190 1722 Luc.

212 1757 272 1838 12,
286 1753 351 1838 115,
374 1748 463 1818 unde
477 1747 634 1816 nonnulli
655 1769 749 1838 aeque
770 1738 918 1849 ἕςχεωθαι
939 1747 1188 1820 desumsernut

271 1993 303 2041 v.
318 1977 354 2045 2..
377 1966 478 2068 pugni
494 1967 544 2040 rai
559 1971 635 2045 atriu
651 1970 803 2068 epirum,
824 1967 874 2038 ita
887 1987 905 2037 e
920 1968 960 2039 ol.
978 1990 1056 2043 000.
1072 1983 1110 2040 et
1122 1970 1190 2061 plu·

211 2067 303 2146 rimis
330 2068 425 2156 intt.,
453 2070 488 2137 in
516 2068 644 2157 quibus
666 2080 718 2138 est
744 2067 859 2158 Syrus
883 2066 989 2156 bien,
1019 2069 1191 2138 emendari
1232 2143 1233 2146 ,

118 2208 120 2212 .
213 2179 362 2256 oportet,
385 2164 576 2256 'ponderata
604 2170 740 2235 testium
770 2165 939 2258 dignitate.
982 2163 1100 2234 Facile
1120 2165 1191 2234 fieri
1232 2157 1233 2245 i

210 2264 337 2355 potuit,
358 2277 396 2333 ut
418 2283 576 2342 censores
598 2263 742 2353 priorem
756 2262 870 2334 locum
883 2262 1106 2353 prudentibus
1120 2265 1188 2331 vir-

116 2435 118 2442 ,
210 2364 342 2455 ginibus
373 2361 586 2431 tribuendum
614 2383 690 2432 esse
720 2362 971 2442 arbitrarentur.
1012 2361 1191 2432 Articulus

211 2463 260 2540 ai,
275 2465 381 2551 'quem
402 2459 559 2552 Beugnl„
582 2460 714 2550 Griesb.
735 2473 768 2530 et
789 2458 976 2530 Matthaeius
999 2473 1082 2550 post
1094 2463 1157 2538 uui
1174 2482 1191 2528 e

211 2558 255 2628 cb
272 2581 320 2630 or.
343 2556 590 2646 adjunxerunt,
611 2580 631 2628 e
650 2558 805 2650 contagio
826 2557 1041 2647 precedentis
1067 2558 1190 2628 vocula
1230 2589 1231 2653 p

212 2656 393 2731 oriebatur.
433 2656 474 2725 Iu
496 2654 662 2738 ejusmodi
683 2658 784 2726 rebus
808 2655 988 2747 antiquitas
1011 2653 1115 2748 cdd,
1137 2656 1190 2748 qui

211 2756 247 2824 αἱ
265 2754 439 2847 ignorant,
460 2755 606 2824 maxime
629 2767 681 2826 est
702 2753 917 2845 spectanda„

165 2929 167 2934 ,
277 2874 312 2924 ν.
325 2858 355 2919 3.
382 2854 503 2920 Parum
523 2865 616 2920 recte
637 2851 737 2945 vulgo
758 2861 947 2920 notata'est
966 2848 1075 2920 lectio
1093 2848 1145 2928 cd.
1161 2857 1188 2938 t,

212 2946 271 3041 qui
293 2950 340 3019 ita
359 2948 475 3018 habet:
501 2954 640 3034 λαβῧσαιι,
658 2954 693 3020 di
717 2952 751 3020 aa*
774 2947 876 3048 popei
899 2947 966 3024 vde·
1228 3009 1229 3061 p

271 3067 304 3114 v.
320 3049 349 3118 6.
376 3038 493 3148 ἕςχᾶω
514 3062 673 3140 tanquam
694 3046 849 3117 scholion
872 3063 1051 3135 expungo,
1076 3057 1189 3114 ancto-
1227 3137 1228 3142 ἵ

209 3144 309 3215 ritate
325 3142 451 3218 cL'occ.
476 3146 567 3216 Male
582 3157 681 3239 urget
691 3143 957 3240 interjectionem
966 3141 1189 3229 Fritzsebius‚

210 3243 267 3333 qui
288 3266 321 3333 p.
336 3246 397 3316 tss
417 3243 467 3316 1111
483 3247 499 3314 o‘
515 3246 635 3334 νυμφίος
655 3265 819 3336 sponsum
838 3241 958 3310 adesse
972 3255 1188 3332 presentem

209 3362 279 3409 non
304 3346 586 3436 appropinquare
605 3345 859 3432 interpretatur,
890 3361 958 3431 quo
980 3337 1112 3410 fortius
1132 3362 1189 3407 no·

212 3448 286 3508 stre
312 3439 505 3529 simpliciori
533 3440 706 3531 scripturae
728 3441 938 3530 obloquatur.
980 3437 1051 3506 Sed
1075 3441 1128 3512 idb'
1144 3439 1189 3510 la·
1225 3507 1226 3518 ,

210 3535 279 3617 tius
299 3549 405 3626 patet,
427 3549 467 3606 ut
486 3537 556 3606 fere
577 3561 640 3608 nos
664 3538 822 3608 dicimus:
851 3560 888 3608 er
907 3538 953 3608 ist
978 3536 1039 3606 da!

183 3666 187 3673 ·
272 3656 304 3702 v.
318 3645 349 3708 9.
374 3637 480 3723 utnon
497 3637 551 3718 rix,
573 3636 662 3728 quod
685 3636 726 3708 cl.
743 3660 815 3707 oco.
838 3637 871 3706 in
892 3638 970 3726 piu.
986 3636 1009 3708 κ’
1021 3638 1072 3725 με’
1086 3647 1188 3706 muta·
1224 3709 1225 3732 ἦ

189 3760 194 3774 .
209 3732 269 3822 vit,
284 3729 351 3800 hoc
362 3753 465 3810 sensu
477 3747 569 3802 recte
582 3734 719 3822 dieitur:
741 3734 781 3804 cf.
792 3737 871 3804 Act.
879 3740 909 3821 5,
918 3741 957 3808 39
966 3735 1071 3808 Rom.
1081 3741 1188 3821 tuat.
1224 3735 1225 3786 1

268 3853 301 3898 v.
317 3831 365 3900 16.
391 3833 505 3911 Εὐθέως
524 3835 560 3905 di
579 3834 746 3933 urguebat,
772 3829 819 3901 ita
845 3843 938 3900 recte
961 3833 1075 3920 Syrus
1102 3831 1183 3899 hier.
1224 3787 1225 3876 i

210 3949 290 4005 cum·
309 3927 443 4004 odd.1r.
464 3943 500 3998 et
516 3929 591 4006 edd.
606 3940 691 4022 gr.1
715 3927 791 4020 (qni
813 3927 979 3998 hactenus
1003 3929 1187 4000 oscitanter

214 4045 396 4120 excussus,
417 4048 458 4100 sc
480 4024 509 4100 si
530 4032 567 4098 tt
589 4029 773 4116 omitteret,
794 4027 970 4118 perspicue
990 4024 1090 4094 illam
1107 4023 1183 4096 scn'·

972 4134 1114 4213 pturam

1207 4285 1222 4494 i
