2474 4528
192 351 254 422 116
866 373 1183 424 anummarrnaai

194 529 284 599 saepe
298 502 573 599 'confugiendum
602 511 712 594 esset,
741 513 843 594 atque
863 504 980 596 regula
999 502 1182 594 palmaria,

194 630 269 698 quae
290 606 473 695 scripturas
492 624 537 672 ex
553 601 694 672 internis
710 604 914 694 argumentis
930 603 1110 693 ponderari
1127 605 1183 686 ju-

193 706 272 791 bet,
292 702 497 778 eluderetur.
533 701 662 770 Contra
683 712 815 770 tantum
835 700 926 769 valet
947 700 1036 772 istud
1054 724 1182 791 praece·

193 815 308 893 ptum,
339 813 504 892 quantum
538 820 637 868 sacro
671 798 828 890 scriptori
859 794 1022 868 lectiones
1052 798 1082 868 si
1113 823 1183 868 nou

192 900 324 994 magis,
351 912 465 968 tamen
491 897 701 990 conminus
727 896 966 968 convenientes
989 911 1182 968 serventur.

194 999 276 1067 Non
295 1020 351 1070 me
372 997 510 1088 quidem
532 996 701 1086 praeterit,
720 993 885 1064 Matthaeo
902 1017 946 1064 ex
963 994 1088 1064 Olearii
1106 997 1185 1073 (ob-

193 1117 281 1169 serv.
301 1117 389 1169 sacr.
406 1093 449 1165 ad
463 1094 525 1162 Ev.
540 1091 664 1165 Matth.
679 1115 712 1182 p.
727 1093 787 1175 30)
802 1093 968 1164 sententia
976 1143 987 1181 ,
1009 1092 1184 1163 Kuinoelio

193 1207 230 1264 et
242 1194 428 1264 novissimo
443 1192 615 1282 interpreti
630 1191 818 1262 Fritzschio
834 1193 978 1270 (Cormu.
1001 1193 1033 1260 in
1050 1192 1183 1266 Matth.

193 1317 225 1385 p.
236 1294 295 1375 13)
310 1294 468 1385 probata,
490 1292 539 1361 ita
552 1291 742 1381 subveniri,
756 1303 795 1361 ut
810 1289 958 1360 Davides
973 1291 1024 1361 bis
1041 1313 1183 1382 compu-

193 1405 283 1461 tatus
311 1391 456 1481 primum
477 1409 599 1483 agmen
619 1389 770 1478 claudat,
800 1411 843 1460 ac
863 1390 966 1461 simul
987 1393 1182 1460 secundum

195 1491 309 1564 ducat.
346 1489 413 1559 Sed
434 1491 492 1581 qui
514 1490 602 1558 hano
624 1489 815 1580 opinionem
838 1501 1035 1579 sequuntur,
1061 1512 1182 1579 parum

193 1589 441 1677 meminerunt,
467 1587 689 1676 Matthaeum,
715 1599 754 1656 ut
772 1585 1098 1678 quatuordenarium
1121 1613 1181 1658 nu-

193 1708 327 1756 merum
356 1698 533 1776 servaret,
558 1697 634 1762 v.8
663 1699 732 1756 tres
762 1685 1014 1779 generationes,
1048 1685 1180 1756 scilicet

194 1783 399 1876 Achasiam,
427 1785 569 1856 Joasum
590 1798 626 1855 et
646 1782 838 1873 Amasiam,
865 1783 1000 1853 silentio
1023 1787 1181 1854 transmi-

194 1884 301 1964 sisse3
336 1906 382 1952 ex
414 1884 535 1976 quibus
564 1905 673 1952 unum
702 1883 814 1975 potius
845 1883 1043 1972 retinuisse,
1077 1907 1179 1974 quam

192 2005 300 2052 unum
313 1982 477 2052 Davidem
497 1985 549 2053 bis
563 2003 759 2052 numerasse
774 1980 940 2072 putandus
957 1994 1019 2056 est.
1057 1983 1179 2052 Cetera
1223 2047 1224 2052 ,

194 2079 348 2171 pericula
364 2080 493 2150 nodum
508 2080 697 2150 extricandi
710 2103 811 2172 quam
827 2081 939 2151 inania
953 2071 1042 2167 sin't,
1063 2080 1178 2148 videre

194 2177 275 2248 licet
297 2177 384 2270 apud
405 2178 631 2250 Fritzschium
651 2178 674 2253 l.
695 2201 726 2251 o.
763 2180 996 2262 Objectiouem
1017 2178 1177 2248 Griesba-

194 2278 264 2348 chii
282 2278 317 2347 in
340 2279 529 2352 Comment.
551 2299 599 2352 or.
619 2300 651 2369 p.
671 2287 709 2349 11
733 2280 776 2348 ab
797 2279 999 2347 auctoritate
1020 2276 1176 2345 codicum

194 2377 297 2470 longe
324 2375 546 2466 plurimorum
570 2377 636 2446 ista
658 2378 762 2447 verba
787 2377 1015 2470 ignorantium
1039 2376 1176 2466 petitam

194 2473 412 2565 parvifacio.
447 2475 559 2569 Quem
581 2475 669 2544 enim
690 2474 790 2565 latet,
816 2474 929 2567 plures
950 2477 1053 2546 etiam
1074 2475 1176 2545 libros

195 2573 363 2643 interdum
396 2596 500 2665 quam
529 2587 646 2643 nostro
673 2573 751 2644 loco
778 2574 812 2644 in
845 2595 959 2644 errore
986 2575 1175 2645 inveterato

195 2671 413 2762 conspiraret
437 2671 714 2762 Griesbachium,
735 2673 794 2764 qui
815 2671 1176 2766 o.10,810ngepiuri·

64 2811 68 2818 -
88 2833 90 2840 ,
166 2841 170 2852 ,
193 2791 273 2837 mos,
292 2769 368 2841 cdd.
390 2769 525 2869 aringiis
541 2771 584 2840 ad
600 2771 713 2874 emptis
728 2771 945 2841 transiliendo
959 2773 1067 2841 verba
1080 2771 1175 2873 ringis

195 2863 309 2968 inopiis
322 2889 342 2935 a
355 2869 570 2957 paucioribus
586 2884 722 2940 servata
735 2869 822 2938 male
834 2871 988 2939 omisisse
1002 2871 1090 2940 scite
1105 2895 1174 2940 cum

195 2962 551 3056 Bengeliojudicavit,
573 2968 718 3037 eundem
736 2967 793 3036 hio
813 2967 929 3036 eadem
953 2970 1111 3058 equitate
1132 2969 1174 3038 uti

196 3061 319 3136 decuit.
359 3065 442 3134 Non
466 3065 575 3136 miuus
598 3066 681 3142 Luc.
696 3076 729 3156 9,
744 3071 785 3136 55
803 3089 856 3157 sq.
878 3066 1073 3156 complures
1097 3069 1174 3137 auti·
1220 3069 1221 3096 ¹

195 3163 349 3254 quissimi
370 3164 447 3232 odd.
471 3166 612 3235 eandem
631 3166 675 3233 ob
696 3187 834 3235 causam
851 3187 983 3232 comma
998 3165 1174 3255 praetermi-

170 3275 328 3334 serunt
367 3261 550 3332 Omittendi
581 3275 698 3332 nostro
726 3263 803 3333 loco
832 3285 872 3332 eo
900 3265 1009 3356 magis
1042 3266 1174 3335 occasio
1219 3297 1220 3300 ¹

196 3357 274 3427 data
295 3373 366 3449 est,
385 3361 416 3430 si
439 3382 517 3430 cum
536 3359 709 3431 Kuinoelio
732 3375 766 3432 et
785 3361 974 3432 Fritzschio
997 3362 1175 3436 Commio

193 3455 319 3534 Matth.
334 3481 367 3548 p.
383 3467 425 3529 20
446 3461 548 3530 verba
570 3456 622 3530 καὶ
637 3458 692 3538 rtis
707 3459 835 3544 ὢλφὲς
850 3461 930 3537 αυἽὲ
949 3483 1010 3550 pro
1031 3461 1175 3530 insititio

193 3554 391 3632 habeamus.
419 3556 589 3626 Jechoniae
610 3558 820 3647 enimpnulli,
841 3558 903 3629 sed
922 3559 1089 3640 Jojakimi
1112 3573 1173 3630 tres

193 3665 414 3734 recensentur
433 3653 555 3725 fratres
578 3664 595 3726 1
612 3655 738 3725 chron.
754 3665 787 3742 3,
803 3662 844 3728 15
851 3707 862 3746 ,
890 3679 1037 3748 quorum
1060 3658 1175 3729 menti·

194 3773 260 3820 one
281 3775 301 3821 a
322 3750 506 3821 scholiasta
519 3766 597 3842 post
611 3752 663 3826 eir
677 3748 811 3846 'lauatip
825 3757 914 3824 iuter
927 3753 1034 3824 lineas
1052 3767 1174 3842 assuta,
1218 3813 1219 3826 t

193 3849 292 3937 facile
304 3851 408 3920 verba
418 3850 506 3918 infra
517 3851 643 3941 scripta
655 3854 932 3924 extrudebantur.
961 3853 1174 3945 Jamquaso,
1218 3839 1219 3902 i

193 3962 453 4040 utrumcumque
467 3947 564 4036 velis,
577 3947 698 4042 eligas:
718 3952 748 4021 si
759 3952 896 4022 XXXII
909 3950 985 4020 cdd.
996 3975 1127 4045 grecos
1139 3972 1173 4020 ac

194 4048 507 4132 praestantisaimum
527 4048 649 4135 Syrum
671 4047 798 4124 hieros.
818 4051 1036 4140 probaveris,
1067 4051 1173 4126 omnia
