2474 4528
66 307 171 361 crrur
194 287 311 356 xm
980 285 1040 350 sen
1088 247 1091 256 ’

63 457 292 524 recurramus,
316 433 358 506 ad
377 435 399 504 l.
415 457 485 526 par.
493 485 505 523 ,
527 434 617 512 unde
631 435 797 528 scriptura
812 455 861 504 cr.
876 431 1041 528 vulgaris·

63 556 131 624 que
150 533 265 622 petita.
299 533 410 602 Multo
431 535 531 602 etiam
552 535 664 606 minus
680 531 878 625 persuadet,
899 555 965 623 quo
981 555 1040 622 pa-

61 645 117 700 cto
140 631 195 700 vel
219 656 321 722 quam
352 635 394 702 ob
423 656 495 702 rem
517 633 623 703 verbo
647 629 785 724 vulgata
805 626 879 708 illle
902 627 1040 715 dyadis,

57 737 80 798 εἰ
98 729 142 820 pol
160 727 214 812 εἷς,
230 733 246 800 o‘
262 734 344 812 dele,
367 753 438 822 qua
460 733 531 820 ipse
552 744 676 820 tuetur,
696 731 733 800 in
751 727 791 807 εἷς
807 728 902 812 irari
917 726 1040 813 doside

57 840 192 898 mutata
213 829 292 902 sint.
335 828 531 900 Ullmannus
553 829 690 921 quidem
710 825 835 910 (theol.
856 824 948 896 Stud.
970 824 1040 896 und

55 925 151 1000 Krit.
172 925 215 996 T.
229 938 246 996 1
269 927 366 1002 Fasc.
382 937 399 994 1
421 951 454 1018 p.
469 930 525 1006 ³3)
538 927 755 998 mutationem
770 948 811 996 eo
825 925 949 996 factam
964 945 1039 996 esse

52 1025 208 1114 putavit,
227 1048 271 1096 ne
289 1027 310 1100 J
312 1049 391 1098 esus
413 1029 713 1107 summobonitate
729 1046 844 1096 carere
857 1023 1040 1097 videretur.

53 1123 163 1216 Quod
196 1147 278 1193 vero
311 1125 345 1192 in
376 1123 460 1194 locis
488 1123 606 1215 parall.
634 1129 801 1195 neminem
827 1121 1040 1195 librariorum

52 1222 148 1292 male
169 1219 312 1312 habuits
324 1223 358 1294 id
379 1247 449 1292 non
470 1221 618 1316 intelligo
640 1244 701 1292 cur
716 1222 752 1294 in
765 1221 888 1292 Matth.
904 1219 1040 1312 potissi-

51 1345 156 1390 mum
177 1320 373 1412 scrupulum
395 1322 434 1392 iis
456 1323 681 1405 injecerit-
703 1319 797 1396 cdl
819 1322 875 1400 (ut
886 1325 926 1402 n)
940 1317 1040 1388 cnut-

50 1427 163 1497 tereo‘
181 1433 260 1490 ante
275 1423 399 1510 &podir
413 1419 626 1512 deprehendi.
643 1461 681 1476 -
701 1419 865 1489 Praeterea
877 1427 959 1493 u020
972 1419 1040 1506 iod-

48 1516 145 1606 λαξα
163 1517 198 1586 in
219 1518 414 1611 vulgaribus
436 1517 637 1590 editionibus
657 1517 692 1586 in
712 1519 906 1610 ἰφυλαξάμκν
926 1528 1035 1586 muta·

46 1630 129 1684 tum
160 1629 195 1684 et
221 1624 251 1689 ia
275 1615 395 1695 rrd'lr'lo‘s
418 1645 466 1704 pert
492 1613 604 1688 addita
632 1637 709 1687 etse
735 1638 780 1686 ex
801 1616 1039 1703 Marc.10,20

44 1714 140 1782 Luc.
163 1723 220 1802 18,
242 1722 282 1784 21
305 1716 460 1804 suspicor
481 1714 533 1797 (v.
553 1714 631 1786 lect.
655 1736 725 1788 rar.
747 1713 919 1796 Griesb.):
947 1712 1038 1784 unde

43 1810 215 1880 nonnulli
235 1813 259 1880 f.
283 1813 342 1881 afr.
366 1815 466 1882 etiam
486 1815 520 1882 in
541 1814 649 1884 Marc.
671 1810 806 1902 ἐφύλαξα
825 1811 1039 1905 surrigebant

42 1924 163 2002 atque
184 1907 219 1984 τί
231 1903 274 1990 ib
291 1915 390 2012 ris-1325
404 1912 582 1988 addebant.
623 1911 745 2003 Neque
760 1909 956 2000 defuerunt,
978 1910 1037 2002 qui

39 2011 84 2078 im
111 2011 208 2080 Luca
229 2031 248 2078 e
269 2009 393 2086 Matth.
414 2008 549 2100 ἰφύλαξι
569 2011 765 2080 scriberent.

115 2129 152 2182 v.
170 2116 221 2182 19.
248 2107 418 2178 iudicium
434 2108 607 2201 Origenis,
629 2114 687 2200 qui
706 2109 810 2179 verba
823 2112 888 2182 ω’·
914 2110 1037 2194 dyest.

34 2206 263 2288 cere-mulir
284 2207 469 2279 omittenda
490 2207 638 2296 censuit,
658 2206 798 2276 nririiice
820 2206 1037 2276 confirmatur

36 2331 65 2376 a
97 2305 201 2396 Syro
220 2305 326 2396 hiem,
352 2309 412 2378 abs
435 2331 503 2399 quc
526 2308 662 2394 absunt,
689 2305 770 2376 licet
791 2303 937 2398 alioquin
957 2325 1036 2374 cum

33 2403 207 2496 Origene
234 2404 348 2474 facere
374 2427 443 2474 non
463 2404 582 2477 soleat.
622 2403 675 2474 Ea
692 2406 727 2476 in
748 2405 834 2476 serie
854 2415 1036 2500 pracepto-

21 2525 149 2592 rum,
184 2525 328 2592 quorum
357 2525 522 2574 summam
543 2502 738 2590 continent,
766 2515 857 2573 certe
879 2514 1036 2593 suspecta
1095 2565 1097 2572 ,

23 2615 75 2668 et
106 2600 257 2670 fortasse
280 2623 299 2671 e
320 2603 523 2691 Rom.13,9
543 2623 720 2692 perperam
737 2603 872 2672 invecta
890 2613 980 2676 sunt.

110 2740 148 2787 v.
164 2719 207 2784 24
229 2729 263 2786 et
282 2718 316 2784 in
338 2716 434 2788 locis*
447 2739 479 2804 p.
498 2717 606 2786 Marc.
621 2725 673 2805 10,
687 2721 729 2786 25
750 2715 954 2803 Luc.18,25
977 2735 1035 2784 ve-

17 2831 139 2884 teres
167 2812 244 2882 cdd.
266 2813 354 2885 inter
374 2816 490 2914 peplin
504 2820 630 2887 notre
653 2826 686 2886 et
706 2823 774 2914 pop.
792 2817 926 2894 rinabrir
946 2812 1035 2882 vari·

14 2927 131 3002 ant,
153 2912 204 2983 ita
224 2924 264 2982 ut
284 2913 369 2982 alius
391 2911 457 2982 loci
478 2912 644 3001 scriptura
665 2911 720 2983 alii
740 2913 909 3002 adscripta
926 2912 1036 2980 diver·

8 3015 190 3084 sitatem
216 3011 389 3102 peperisse
415 3011 581 3083 videatur.
621 3011 716 3080 Luce
743 3010 785 3079 ob
817 3009 953 3080 testium
972 3031 1035 3078 nu·

6 3132 192 3184 merum
214 3122 250 3201 et
270 3109 401 3200 pondus
424 3127 592 3179 consensu
612 3108 760 3178 virorum
780 3108 958 3176 doctorum
980 3112 1034 3184 ω’ς.

4 3213 152 3280 efficio
180 3205 329 3276 debetur.
374 3205 441 3275 Sed
462 3205 619 3276 Matthaeo
642 3227 704 3297 ego
725 3209 853 3276 brabii
880 3204 1034 3292 vindico,

2 3306 168 3378 invitis
199 3303 334 3376 Griesb.
355 3301 479 3372 Vatero
501 3303 659 3374 Schulzio
687 3317 722 3372 et
745 3302 920 3390 Scholzio,
949 3302 1033 3374 duas

2 3411 69 3478 ob
110 3424 262 3474 causas:
290 3404 434 3490 primum
462 3401 555 3492 quod
576 3423 621 3470 er
640 3402 680 3472 iis
703 3400 930 3490 documentis,
959 3425 1034 3493 quar

2 3511 165 3587 decad.
180 3501 337 3591 prebent,
351 3497 447 3588 plura
456 3505 546 3581 (curu
560 3504 589 3568 l.
600 3501 818 3576 retrosum
832 3523 885 3588 ap.
896 3499 1033 3570 Schola.

2 3625 45 3680 et
88 3601 228 3692 Orig.)
250 3597 439 3698 epwlpolor
459 3596 645 3668 secundnm
665 3598 774 3668 Marc.
797 3608 831 3667 et
852 3600 977 3670 Lucam
998 3600 1032 3668 in

2 3701 240 3807 ,eupatoris
253 3708 443 3784 mutarunt,
466 3695 616 3788 adeoque
637 3695 672 3764 in
692 3695 797 3768 altera
816 3696 960 3769 lectione
975 3721 1032 3766 co-

2 3795 198 3872 ·undem
228 3793 411 3864 auctoritas
437 3806 595 3882 suspecta
622 3807 693 3882 est3
720 3794 841 3866 deinde
869 3795 960 3888 quod
987 3819 1033 3864 ex

2 3898 174 3975 isdem
194 3889 360 3962 nonnulla
376 3893 418 3974 (L
433 3901 463 3966 1.
478 3895 529 3966 61.
546 3897 606 3964 1⁵7
620 3889 782 3984 August)
796 3887 962 3984 posterius
980 3899 1033 3972 εἰς..

2 3997 149 4075 λθεῖν
174 3991 380 4081 omiserunt,
400 3989 544 4083 ideoque
565 3996 672 4070 εἰςελθ.
696 3992 731 4064 in
754 3991 896 4084 antiquie
916 4013 1031 4065 exem-
