2474 4528
72 339 181 388 eroor
206 338 278 412 mr.¹
993 316 1054 382 159

72 466 176 537 renda
204 480 275 556 est,
306 480 344 537 ut
372 491 401 537 c.
419 475 475 557 ts,
491 468 542 543 11.
563 472 623 556 2⁵,
640 476 669 541 1.
711 465 813 561 Quod
840 465 871 537 si
898 476 1053 536 nostrum

72 565 184 636 locum
207 578 300 638 recte
326 565 558 660 intelligimus,
585 563 667 636 nihil
692 565 824 653 obstlt,
852 573 920 655 q'uo
942 563 1051 636 minus

71 664 339 744 emendationem
361 682 463 756 supra
488 664 678 754 expositam
698 661 951 754 amplectamur.

128 821 163 873 v.
178 805 230 871 2³.
261 793 349 878 ridor
368 803 411 870 ‘ris'
430 799 527 902 tigerii
547 793 689 888 diuidat,
715 793 762 864 ita
783 816 802 864 e
824 791 900 871 cdd.
920 803 986 864 utr.
1008 793 1052 863 (tl.

72 895 231 986 emenda3
253 918 398 988 namque
413 898 447 965 in
464 896 607 966 lectione
622 893 755 988 vulgari
768 895 978 983 imitabile
991 891 1054 964 ite·

69 1017 145 1062 rum
164 994 274 1063 Lucas
296 1001 345 1083 1ο,
366 1003 405 1066 15
428 1015 608 1086 expressus
631 1005 694 1067 est.
719 991 823 1062 vam
847 992 928 1079 ain,
954 988 1054 1062 litera

68 1123 97 1182 μ
116 1091 337 1182 precedentis
353 1092 543 1191 xapapraa‘p
558 1113 634 1159 oum
649 1087 848 1180 pronomine
862 1082 880 1160 i
894 1087 1053 1178 conflata,

67 1186 312 1284 pti-vitabilem
334 1200 368 1258 et
382 1189 415 1256 in
425 1189 548 1258 Matth.
565 1201 600 1257 et
614 1190 647 1256 in
663 1184 880 1278 paralllmca
892 1184 1053 1270 correxit.
1170 1229 1176 1245 ,

485 1347 522 1418 C.
545 1345 628 1420 Xll.
670 1395 672 1400 ,

122 1468 156 1522 v.
171 1455 223 1518 28.
252 1449 565 1540 'l'ranspositionem
579 1446 624 1524 cl.
639 1471 713 1522 occ.
727 1458 753 1520 tv
766 1449 909 1538 mapali
921 1452 985 1528 cii*
997 1450 1054 1540 ἶν’

69 1544 223 1635 Griesb.,
238 1545 416 1639 Knappius
428 1559 462 1616 et
473 1547 651 1633 Scholzius
665 1549 925 1641 adoptaverunt,
941 1571 1055 1640 quam·

66 1644 121 1714 vis
149 1645 185 1716 in
213 1644 379 1728 ejusmodi
406 1647 508 1718 rebus
538 1647 650 1717 minus
679 1645 836 1736 ponderis
859 1645 987 1717 'habeat
1014 1667 1055 1720 ea

66 1741 202 1832 classis,
224 1765 294 1834 quc
306 1744 389 1814 item
402 1768 435 1816 v.
449 1750 488 1814 27
510 1745 604 1845 epila>
615 1736 724 1824 icadas
738 1747 821 1834 ipio
836 1725 1066 1834 transposuic‘

67 1842 154 1914 cum
175 1842 217 1912 ab
232 1846 384 1912 Armeno
400 1842 475 1927 Syr.
489 1855 578 1932 post
593 1841 668 1912 cdd.
683 1842 725 1915 It
747 1853 782 1910 et
795 1843 977 1912 Ambrosio
998 1842 1054 1926 ipsi

66 1939 208 2012 omuino
230 1939 340 2027 absit,
367 1961 409 2008 eo
430 1943 538 2034 magis
559 1940 709 2022 ejusdem
728 1939 850 2012 classis
873 1940 969 2030 odd„
995 1940 1054 2032 qui

66 2050 297 2128 consponunt
318 2040 388 2125 lyd,
409 2051 572 2127 suspectae
594 2037 673 2109 fidei
692 2051 788 2126 sunt,
810 2037 883 2110 sive
898 2049 1054 2129 transpo-

67 2135 148 2206 sitio
171 2135 409 2222 omissionem,
432 2139 504 2208 sive
527 2135 663 2208 omissio
688 2134 984 2228 transpositionem
998 2155 1053 2226 pe·

65 2233 213 2324 pererit..

129 2371 162 2418 v.
177 2357 230 2427 29.
258 2349 305 2421 Et
330 2352 387 2422 hic
414 2353 502 2422 etin
524 2353 683 2443 parallelo
703 2353 814 2424 Marc.
830 2357 862 2440 3,
878 2353 920 2424 at
939 2349 1053 2446 plures

63 2457 204 2520 veteres
226 2447 303 2525 cdd.
325 2465 391 2527 utr.
414 2450 456 2520 cl.
478 2454 628 2553 bagad,
656 2452 729 2521 vice
756 2448 928 2522 indicativi
954 2445 1053 2520 exhi·

64 2548 171 2638 bent,
199 2547 248 2620 ita
275 2561 315 2619 ut
342 2549 505 2622 alterutro
533 2562 625 2618 certe
651 2547 728 2618 loco
749 2548 838 2619 hanc
859 2569 1053 2640 gentianam

64 2667 147 2719 esse
165 2651 370 2740 scripturam
394 2668 536 2740 eamque
558 2651 592 2718 in
609 2645 750 2716 alterurn
766 2667 841 2717 esse
856 2643 1054 2716 translatam

63 2742 231 2816 credibile
252 2746 307 2820 sit.
344 2746 411 2818 Sed
425 2746 459 2816 in
475 2747 667 2816 affirmativa
681 2744 833 2816 oratione
848 2743 959 2815 Marci
973 2754 1054 2834 post

62 2844 176 2912 verba
201 2840 249 2914 biv
272 2842 318 2933 pi
341 2849 457 2944 vegetior
480 2843 531 2918 eir
557 2841 682 2938 iaaeopir
706 2844 775 2935 tvm
800 2842 885 2914 ratio
907 2841 1055 2933 postulat

63 2939 259 3012 clausulam
281 2941 471 3032 quandam,
492 2963 559 3032 qua
579 2942 670 3011 facta
690 2940 801 3010 denuo
824 2942 984 3009 affirmare
1002 2938 1054 3006 vi-

63 3036 185 3106 detur:
212 3037 265 3111 iai
289 3038 356 3112 elle
380 3037 432 3112 miv
454 3041 547 3109 otniae
566 3040 642 3116 cdiii
660 3040 828 3139 dicendae·
871 3037 997 3106 Contra
1016 3035 1053 3106 in

61 3133 245 3205 locutione
260 3136 512 3227 interrogativa,
527 3158 595 3228 qua
608 3157 690 3206 usus
705 3148 759 3206 cst
769 3133 911 3220 Matth„
927 3145 1053 3202 utrum-

63 3253 137 3325 que
164 3233 275 3325 aptius
304 3233 534 3322 eonnectitur,
559 3247 641 3303 nota
668 3227 897 3320 interrogandi
918 3228 959 3296 in
981 3227 1052 3294 fine

62 3330 250 3402 commatis
279 3329 417 3400 demum
444 3332 611 3422 apposita:
641 3325 859 3429 ἰόν-ἰσχυρὰ,
885 3323 937 3396 aa>
961 3325 1052 3402 edir-

62 3428 244 3528 θωμάσῃς
277 3428 312 3498 si
343 3440 515 3519 postrema
545 3432 649 3501 verba
678 3428 723 3499 ad
753 3424 1054 3518 interrogationem

60 3526 337 3616 responderent,
365 3527 559 3606 conjunctio
588 3529 655 3607 sal,
686 3548 756 3616 que
776 3523 849 3605 iam
874 3522 910 3591 in
929 3521 1052 3592 Marco

63 3622 275 3694 difficultatis
296 3622 452 3694 nonnihil
472 3626 588 3714 affert,
608 3624 716 3717 magis
738 3622 837 3693 etiam
855 3618 1053 3691 offenderet.

62 3723 181 3814 Igitur
203 3723 234 3793 si
254 3743 325 3790 non
343 3721 486 3811 Marco,
506 3722 669 3794 Mattlraeo
692 3733 784 3793 certe
804 3715 1054 3800 subjunctivum

64 3841 147 3889 esse
176 3817 428 3890 vindicandum·
446 3842 580 3894 censeo.
621 3820 665 3890 ln
685 3815 787 3897 simili
806 3835 909 3886 causa
928 3807 1053 3882 Matth.

64 3925 120 4004 13,
140 3922 182 3988 ts
203 3917 317 3991 Maro.
332 3920 364 4004 1,
380 3924 431 3986 12.
446 3921 488 3990 at
506 3918 653 3989 studium
669 3915 881 3986 librariorum
894 3907 1054 3994 cernitur,

66 4012 284 4108 subjunctivi
302 4014 338 4090 in
358 4012 574 4090 indicativum
590 4013 750 4092 motandi.
784 4011 945 4084 cesenam
957 4027 1056 4082 men-
