2474 4528
182 293 243 360 161
463 323 466 328 ·
648 289 649 298 ’
759 369 764 379 „
851 309 1162 368 sormomrrnrrr

1218 405 1219 436 i

181 467 253 516 non
268 445 514 516 contemnenda
527 459 591 521 est.
625 446 679 517 lta
693 447 783 518 enim
797 417 936 518 verbnm
952 447 1167 524 indivisione

58 581 63 594 κ
182 545 301 614 Jesnm
324 556 413 614 teete
435 545 469 615 e't
489 545 575 614 seito
597 544 776 635 complenti
790 544 933 614 videtur.
970 545 1102 612 Contra
1116 564 1166 614 se·
1219 560 1220 630 l

183 643 332 711 eundum
365 641 539 732 vulgarem
573 642 937 712 ordinem'verborum
970 642 1165 712 existimare

183 740 322 830 poteris,
346 738 528 832 discipulos
549 739 624 810 sine
644 741 805 833 magistro
828 741 1014 823 trajecisse.
1054 739 1122 810 Sed
1135 740 1167 810 id

182 837 271 908 ultro
302 841 441 909 affirmat
462 858 496 910 n.
518 837 726 910 Fritzsohins
747 839 783 908 in
804 837 928 908 Matth.
953 861 984 928 p.
1000 846 1085 928 528,
1113 838 1168 907 Je-
1220 842 1221 930 l

182 960 258 1008 sum
279 937 370 1006 enim
384 937 458 1019 jam
479 937 573 1029 prius
593 959 623 1008 n.
640 946 692 1029 15,
706 947 748 1014 39
768 937 804 1008 in
819 939 905 1008 fines
921 936 1167 1030 Magdalenses

182 1035 378 1130 navigasse,
412 1035 596 1126 discipulos
625 1037 758 1120 objecto
788 1035 898 1106 nescit
926 1060 995 1128 quo
1026 1036 1171 1126 impedi-

182 1147 298 1203 mento
312 1155 381 1203 non
397 1133 601 1204 statim'eum
618 1141 821 1208 consecutos
837 1157 931 1222 esse,
952 1135 1013 1205 sed
1031 1135 1169 1204 demum
1221 1124 1222 1176 l

182 1238 250 1306 mi
271 1254 348 1302 eum
369 1230 498 1322 locum,
522 1256 589 1326 quo
612 1233 713 1304 iesus
736 1255 814 1304 eum
833 1232 1008 1304 Pharisaeis
1030 1245 1067 1302 et
1088 1231 1170 1302 Sad

184 1331 304 1400 duoaeis
333 1330 555 1422 disputasset,
583 1331 730 1425 petiisse.
772 1333 869 1404 Hane
895 1354 977 1402 vero
999 1334 1169 1402 rationem

183 1427 401 1500 multifariam
427 1429 582 1501 laborare
609 1421 766 1512 arbitron
805 1430 955 1500 Primum
978 1430 1073 1522 qnod
1098 1430 1168 1520 ipss

184 1528 289 1596 verba
303 1527 438 1610 attinet,
461 1527 546 1599 durs
560 1541 654 1604 certe
665 1542 756 1600 esset
768 1541 956 1614 structura,
971 1529 1032 1601 nt
1046 1529 1069 1596 J
1074 1549 1168 1598 esum

186 1627 364 1698 abeuntem
387 1623 472 1716 diei,
494 1624 556 1696 sed
576 1624 619 1696 de
640 1628 713 1710 ejus
733 1627 852 1700 itinere
872 1627 1056 1698 Cesaream
1077 1626 1168 1696 facto

184 1745 219 1796 v.
236 1730 290 1811 13,
305 1721 378 1805 jam
399 1724 473 1816 agi,
493 1738 533 1796 ut
546 1723 736 1798 Fritzsehio
757 1723 951 1814 videbatur,
972 1735 1078 1814 atque
1102 1727 1170 1796 ms

185 1821 285 1896 aliam
304 1843 378 1892 rem
397 1823 564 1917 interponi
576 1827 627 1898 sio
640 1824 787 1896 illatam:
815 1823 878 1897 nai
903 1821 1043 1900 indivisa
1084 1817 1171 1890 Mal·

185 1921 316 2014 lemos,
345 1934 523 2013 postquam
551 1922 593 1993 de
614 1919 822 2014 proiectione
842 1921 926 1992 Jesu
951 1943 984 1992 v.
1005 1925 1026 1992 1
1051 1939 1170 1990 sermo

184 2019 268 2107 fnit,
290 2039 497 2111 cognoscere
515 2041 548 2094 ν.
563 2027 602 2110 5,
623 2043 691 2114 quo
712 2022 854 2094 venerit.
895 2016 1025 2090 Deinde
1045 2039 1068 2088 e
1091 2039 1173 2090 sen·
1224 2041 1225 2072 ³

185 2120 291 2188 tentia
303 2115 483 2187 Fritzsohii
499 2115 539 2190 τδ
553 2123 647 2221 nigor
668 2141 700 2188 v.
716 2125 738 2190 5
758 2132 849 2191 esset
862 2117 940 2188 litus
955 2116 1171 2187 occidentale

184 2213 280 2286 lacus
302 2215 509 2307 Tiberiadis,
535 2217 593 2287 nbi
621 2216 776 2308 discipuli
795 2217 993 2309 magistrum
1014 2215 1170 2284 offende-

183 2317 267 2386 rint:
288 2337 406 2386 verum
427 2329 587 2388 constans
608 2337 688 2388 usus
704 2337 791 2387 saer.
805 2315 1008 2405 scriptorum
1023 2313 1117 2400 lert,
1139 2325 1171 2388 ut
1225 2397 1226 2410 χ

184 2413 222 2486 ml
237 2421 330 2515 algar
346 2419 388 2486 vi
402 2416 533 2516 ’togatos
553 2413 633 2486 litus
655 2413 816 2484 orientale
836 2418 893 2489 sit.
930 2413 987 2483 Sin
1010 2411 1085 2482 haeo
1106 2411 1173 2481 ior-

185 2513 277 2582 mula
297 2512 459 2588 solemnis
480 2513 537 2584 hie
559 2533 694 2605 quoque
715 2524 860 2601 tenetur,
881 2531 1023 2581 neeesse
1039 2521 1099 2580 est
1116 2511 1171 2580 Je-

185 2621 281 2697 sum,
310 2623 383 2680 tum
409 2611 444 2682 in
472 2609 674 2686 occidentali
694 2623 788 2701 parte
809 2605 904 2678 lacus
925 2621 1106 2678 versatum
1128 2613 1173 2688 (e.

186 2715 239 2799 15,
255 2712 328 2797 39),
348 2732 416 2778 una
433 2732 513 2779 cum
532 2707 702 2798 discipulis
722 2708 906 2790 trajecisse.
942 2705 984 2776 Id
998 2707 1100 2796 quod
1116 2729 1170 2796 op·

185 2819 330 2900 portuno
343 2807 563 2876 confirmatur
576 2805 653 2876 loco
668 2806 803 2899 gemino
817 2805 945 2892 Marci,
968 2804 1025 2895 qui
1042 2825 1075 2877 o.
1088 2815 1123 2891 8,
1135 2813 1171 2873 lo

186 2903 311 2973 diserte
333 2915 367 2972 et
384 2901 565 2993 discipulos
589 2905 635 2973 ait
654 2905 853 2999 magistrum
873 2903 907 2974 in
930 2903 1004 2972 looa
1033 2903 1171 2974 Dalma-

186 2998 296 3069 nutha
323 3003 413 3092 (quae
437 2999 480 3072 ad
500 3001 660 3094 Magdala
680 3003 745 3072 sita
766 3001 873 3072 lirisse
894 3001 1045 3092 putanda
1068 3004 1173 3078 suot)

187 3097 460 3185 proticiscentem
482 3102 661 3170 comitatos
683 3119 780 3186 esse,
802 3098 967 3170 otJesum
982 3121 1015 3172 v.
1034 3107 1075 3168 13
1095 3098 1169 3168 inde

187 3217 377 3266 conscensa
404 3196 483 3270 navl
505 3197 539 3265 in
562 3194 723 3271 orientale
742 3194 821 3265 litus
846 3196 1020 3277 trajecisse
1053 3199 1115 3279 (εἰς
1136 3193 1171 3267 τὲ

186 3297 311 3393 retgas),
328 3295 524 3388 priusquam
539 3296 727 3365 Caesaream
741 3297 951 3383 pervenerim
970 3294 1019 3362 ita
1036 3307 1075 3362 ut
1091 3318 1172 3365 ean·

187 3391 264 3463 dem
294 3391 403 3480 viam,
432 3415 499 3483 qua
520 3415 541 3462 a
561 3393 684 3461 finibus
710 3391 823 3475 Tyriis
846 3413 905 3481 per
927 3391 1172 3482 Decapolinin

182 3500 278 3576 parte
298 3487 449 3559 orientali
470 3489 491 3559 J
494 3488 610 3559 ordani
633 3488 675 3566 ad
693 3487 805 3558 laeum
820 3489 1036 3558 Tiberiadern
1053 3490 1168 3578 prole-

185 3577 260 3653 otirs
276 3584 320 3654 sit
332 3586 462 3662 (Maro.
471 3589 503 3676 7,
511 3591 579 3676 29),
593 3586 773 3676 repetierit.
794 3586 884 3656 Nam
898 3586 989 3678 quod
1000 3586 1037 3656 in
1050 3590 1170 3659 itinere

145 3683 147 3693 '
183 3681 399 3753 Bethsaidam
420 3685 572 3778 attigisse
594 3683 715 3754 dicitur
732 3684 844 3759 Mare.
859 3693 964 3773 8,12,
986 3685 1082 3758 hano
1102 3710 1172 3758 non

77 3863 83 3876 Ι
182 3781 290 3850 fuisse
319 3779 409 3848 illam
437 3780 473 3848 in
501 3780 598 3851 litore
627 3783 828 3854 occidentali
850 3783 1042 3866 Tiberiadis
1072 3786 1172 3856 sitam

185 3879 363 3966 existimo,
392 3875 453 3946 sed
479 3875 578 3954 aliam
600 3879 751 3968 eiusdem
770 3879 915 3951 nominis
936 3880 972 3950 in
995 3881 1167 3968 orientali,

123 4011 126 4018 ·
187 3974 387 4068 aPhilippo
421 3995 501 4066 rege
532 3977 567 4052 in
598 3980 718 4054 urbem
747 3989 909 4055 mutatam
937 3989 972 4054 et
998 3977 1173 4057 iuliadem
