2480 4528
76 325 188 392 eaeor
209 321 285 375 sm.
308 323 400 376 xxu.
921 335 925 346 ·
991 304 1053 372 sto

79 451 217 526 alterius
239 447 447 544 appellandi;
466 469 535 520 non
556 445 670 518 mirari
689 469 758 518 non
777 471 926 540 possum.
962 449 1050 546 Quis

79 552 168 620 enim
187 550 316 639 nescit,
344 549 381 617 in
401 549 501 620 vinea
522 546 794 620 commodissime
815 548 899 621 duos
921 551 1052 640 operari

71 657 201 740 posse?
216 685 256 702 -
278 647 318 718 ln
340 645 566 717 additamento
586 649 623 726 εἰς
638 643 691 720 aab
706 648 886 737 spectra,
909 647 1052 738 quodiu

71 746 182 818 multa
202 747 411 818 correctione
432 745 530 816 facile
550 745 693 835 interiit,
718 746 773 822 od.
792 769 843 840 gr.
864 767 887 815 o
909 747 952 818 It.
975 749 1052 827 odd.

73 847 211 938 plures,
238 845 334 940 Orig.
356 859 390 916 et
409 849 507 920 Arm.
528 869 605 916 cum
627 845 700 936 Syr.
722 845 805 914 hier.
827 846 1052 924 consentiunt.

72 944 261 1014 Posteriori
278 943 353 1016 loco
366 944 482 1036 utique
494 943 745 1015 convenientius
761 957 812 1014 est
824 968 925 1036 quam
938 945 1052 1036 priori.

135 1063 168 1112 v.
184 1049 236 1115 13.
264 1032 362 1123 ἔθνη,
389 1041 482 1133 quod
503 1065 523 1114 a
546 1047 632 1132 Syro
658 1041 745 1112 bier.
772 1045 869 1114 abest
895 1056 931 1114 et
953 1043 1052 1114 facilc

70 1139 154 1210 addi
182 1151 331 1229 poterat,
357 1161 422 1210 neo
448 1140 483 1210 in
510 1139 670 1232 singulari
700 1140 870 1212 sententie
891 1143 976 1212 bene
997 1163 1052 1223 rc-

68 1238 235 1330 spondet,
255 1253 451 1330 suspeetunn
471 1253 534 1312 est·
1041 1315 1044 1324 .
1115 1235 1124 1248 “

136 1360 169 1408 r.
184 1338 236 1413 16.
264 1341 301 1418 εἰς
316 1360 377 1428 pro
395 1344 448 1420 ἐς,
469 1336 562 1430 quod
583 1359 603 1407 e
622 1362 655 1412 v.
669 1341 710 1409 26
725 1337 897 1410 invectum
907 1336 1054 1428 videtur,

68 1459 91 1506 e
114 1435 138 1503 f.
164 1435 307 1520 afr.(a1.
330 1446 360 1510 1.
379 1439 440 1522 22)
460 1460 602 1530 repone.
637 1436 759 1508 Nullus
781 1435 857 1506 odd.
879 1435 1053 1510 iraeadem

68 1532 219 1602 somnula
236 1557 266 1610 c.
283 1537 334 1623 11,
348 1540 378 1609 5.
401 1545 453 1626 21,
467 1539 509 1608 26
530 1541 566 1616 ὤς
585 1535 619 1604 in
638 1538 676 1614 sla
696 1549 822 1606 temere
842 1547 973 1607 mutare
994 1558 1053 1606 au-

69 1653 136 1702 sus
160 1644 223 1702 est.
263 1633 436 1702 Audacter
456 1633 591 1725 quidem
611 1632 819 1716 Fritzsehius
834 1656 867 1722 p.
881 1635 943 1720 650
963 1631 1053 1726 hauc

68 1729 277 1818 scripturam
300 1731 480 1802 absurdam
502 1754 577 1802 esse
598 1744 716 1800 contra
732 1731 881 1818 Griesb„
903 1731 961 1822 qui
978 1753 1053 1801 eam

69 1840 147 1896 tam
166 1827 272 1916 perite
287 1851 388 1919 quam
402 1830 553 1900 modeste
567 1829 603 1896 in
617 1826 767 1918 margine
783 1825 953 1915 exhibuit,
973 1850 1054 1916 pro-

64 1923 251 1998 nuntiarit.
293 1925 360 1994 Sed
378 1939 511 2017 reputet
529 1947 648 1997 secum
668 1922 784 2016 velim,
812 1922 854 1994 ad
876 1945 917 1993 ea
937 1925 1054 2012 verba,

68 2023 279 2115 quibuscum
300 2025 488 2108 subjectum
509 2036 544 2094 et
564 2022 735 2104 objectum
750 2020 784 2089 in
799 2019 930 2109 duplice
944 2023 1053 2092 norni-

64 2123 189 2194 natiro
210 2123 267 2193 vel
288 2123 483 2194 accusativo
497 2119 596 2214 jungi
617 2119 765 2208 soleant,
786 2119 955 2202 objectum
974 2141 1054 2188 cum

63 2221 309 2312 praepositione
330 2225 367 2299 εἰς
389 2220 560 2314 eleganter
573 2218 711 2311 apponi:
736 2217 791 2289 adi
806 2230 911 2289 nostr.
926 2229 995 2286 not.
1010 2215 1054 2287 ad

63 2321 172 2389 Rom.
186 2323 218 2406 5,
235 2329 284 2390 18.
321 2319 375 2389 Ne
395 2315 563 2410 peculiare
584 2318 721 2409 quidem
741 2316 923 2409 quidquam
936 2317 970 2385 in
985 2315 1054 2385 hoo

62 2429 195 2508 practer
226 2429 357 2488 ceteras
390 2414 521 2510 linguas
550 2437 659 2506 graecae
686 2427 750 2489 est.
791 2415 845 2486 Sic
872 2415 962 2485 enim
988 2435 1053 2485 uos

63 2513 235 2584 dicimus:
263 2513 323 2584 das
351 2515 466 2606 grbste
486 2512 597 2582 Reoht
624 2511 712 2582 wind
740 2512 790 2582 ott
814 2537 894 2584 zum
913 2513 1054 2607 grlisten

64 2618 152 2694 (seu
173 2610 233 2682 das
254 2613 391 2708 griiste)
412 2609 574 2686 Unreoht.
613 2611 734 2700 Neque
754 2609 850 2679 aliter
871 2612 989 2682 Cicero
1008 2611 1052 2680 N.

60 2710 113 2784 D.
138 2717 169 2797 1,
190 2709 252 2779 tl:
281 2708 417 2792 „omnis
443 2708 480 2778 iu
505 2707 734 2780 imbecillitate
760 2721 813 2780 est
834 2722 868 2786 et
888 2707 998 2802 gratia
1017 2719 1053 2780 ct

63 2805 236 2878 caritas.“
410 2857 413 2864 ,

472 2925 508 2995 G.
531 2925 653 2996 XXII.

131 3044 165 3092 r.
180 3026 233 3096 30.
260 3021 435 3110 paullulo
449 3022 591 3094 emenda
605 3021 790 3094 secundum
804 3019 846 3093 cl.
863 3041 936 3091 ooo.
966 3022 1053 3091 Pro-

57 3118 193 3212 positio
216 3127 247 3190 la
267 3119 399 3202 adjecta
421 3132 478 3189 aut
498 3119 729 3189 aberrantibus
751 3117 858 3190 oculis
879 3117 993 3188 literas
1015 3117 1053 3186 in

61 3234 293 3292 οὙτΕΓΑΜΙΖ.
323 3215 410 3286 male
440 3216 740 3308 distinguentibus,
774 3237 879 3305 quare
900 3211 1052 3284 nonnulli

59 3337 155 3389 sane
175 3316 388 3405 ὂῃαμίζονΊαι
409 3315 548 3403 habent,
570 3315 659 3387 unde
680 3315 817 3403 temple.
839 3323 969 3399 ortum,
993 3321 1051 3380 aut

59 3437 83 3484 e
99 3413 126 3485 l.
141 3437 176 3503 p.
192 3415 272 3482 Luc.
289 3424 341 3501 20,
356 3420 415 3501 35,
435 3412 525 3482 uude
546 3413 646 3482 etiam
664 3412 699 3482 in
712 3412 821 3482 Marc.
839 3419 889 3499 12,
905 3415 945 3482 2⁵
965 3431 1050 3484 non·

56 3509 155 3580 nulli
176 3517 292 3600 sapap-
315 3514 534 3600 scripserunt.

129 3631 163 3676 v.
177 3610 239 3688 16.Ι
263 3609 396 3678 Griesb.
411 3607 616 3699 aliorumque
631 3605 726 3696 edd.,
749 3629 818 3676 non
837 3617 980 3696 excepta
992 3626 1050 3671 no-

58 3704 213 3776 vissima
235 3705 417 3795 Scholzii„
432 3707 562 3778 variant
586 3707 621 3778 in
643 3718 821 3796 augmento
848 3705 942 3774 verbi
961 3699 1050 3774 libe-

58 3809 166 3882 σθαι,
188 3801 246 3872 111
268 3816 303 3872 et
323 3802 499 3895 aliquoties
522 3807 620 3883 (Act.
634 3807 687 3892 26,
701 3812 744 3874 32
764 3803 822 3873 ubi
836 3825 872 3872 v.
894 3811 1009 3878 notam
1030 3806 1049 3866 1

60 3901 153 3974 cor.
169 3908 200 3988 3,
216 3901 256 3983 2)
277 3903 438 3990 strapas,
459 3903 575 3993 sapius
595 3902 741 3989 ibidum
763 3899 987 3970 exhibentes.¹
1007 3893 1050 3962 ln

61 3998 122 4068 his
144 3997 234 4070 locis
255 4012 291 4070 et
315 4000 352 4072 iu
371 4001 591 4088 Marenen
613 4005 681 4090 5,3
702 3997 841 4074 variant
852 3991 928 4066 libri
946 4011 1049 4064 mauu
