2474 4528
69 327 181 382 crrur
199 327 302 378 'xlx-¹·
378 333 381 338 ·
992 309 1051 374 26⁷

71 459 276 550 scriptorum
309 469 343 528 et
376 460 449 528 intt.
481 461 693 550 antiquorum
725 479 894 528 consensu
922 468 1051 528 camum

73 579 150 628 esse
176 556 266 626 ultro
296 559 473 626 confessus
502 568 567 632 est.
607 555 675 626 Sed
703 555 837 650 quando
858 557 887 628 is
909 561 1051 630 orationi

67 655 239 726 Ptolemaei
267 668 303 726 et
322 652 463 724 Tertull.
492 675 560 724 non
583 653 804 742 contradicit,
830 677 895 724 nec
915 657 998 726 alt'er
1019 681 1051 728 c.

70 761 160 842 ts,9
180 753 312 846 integra
332 752 500 841 scriptura
519 752 752 828 infastuserit.
788 753 890 847 Quod
904 755 933 824 si
947 777 1052 827 causa

70 852 315 922 controversiae
336 849 410 920 broc
431 849 569 938 fuisset,
589 850 777 922 secundum
799 853 1052 924 Mosenmatri·

67 949 179 1020 monii
197 947 370 1020 viocrrlum
390 947 523 1018 solvere
542 947 661 1038 licere,
681 948 866 1020 secundum
881 950 1053 1024 Christum

67 1043 171 1119 nullo
194 1048 299 1116 modo
313 1047 441 1136 'licere3
468 1069 531 1140 ego
555 1058 646 1116 certe
666 1045 838 1118 laudatum
857 1049 1052 1120 Matthaeum

67 1149 145 1220 sive
163 1169 237 1237 cap.
254 1151 286 1236 5,
301 1155 342 1218 32
361 1146 580 1234 siveo.19,9
601 1158 856 1237 exspectarem,
877 1160 914 1217 et
926 1147 1054 1237 aliquid
1077 1229 1084 1237 ,

68 1246 189 1316 dicere
215 1244 387 1314 videretur
405 1242 550 1335 Hugius.
591 1240 658 1312 Sed
685 1243 850 1324 eiusmodi
875 1245 939 1315 fuit
960 1248 1053 1330 obje-

68 1345 142 1415 ctio
173 1343 461 1431 adversariorum,
487 1341 613 1411 Mosen
635 1339 733 1412 facile
754 1343 842 1432 pati,
868 1345 981 1415 aviro
1002 1344 1053 1416 di·

66 1442 161 1514 mitti
175 1463 331 1528 uxorem,
346 1463 368 1510 a
381 1438 459 1517 Chr.
473 1438 654 1510 divortium
668 1435 848 1528 prohiberi.
878 1441 956 1512 Jam
970 1465 1050 1514 vero
1071 1530 1075 1538 Ι

67 1566 91 1613 a
116 1540 259 1611 consilio
282 1561 418 1628 eorum,
440 1537 499 1629 qui
520 1536 735 1608 concordiam
749 1540 923 1633 utriusque
939 1543 978 1612 T.
994 1544 1053 1614 de·

66 1651 322 1728 monstrarent,
344 1637 491 1708 alienum
510 1637 616 1724 foret,
637 1634 780 1725 docere,
800 1637 971 1711 Christum
988 1643 1059 1713 sub'

68 1739 222 1831 quadam
256 1736 449 1806 conditione
481 1735 659 1826 repudium
687 1736 892 1827 permisisse:
921 1740 1054 1834 integra

65 1836 180 1906 nihilo
207 1835 319 1904 minus
346 1845 492 1904 restaret
517 1834 663 1917 objectio
684 1834 726 1903 da
745 1833 874 1924 repudii
893 1838 1053 1910 facilitate

67 1960 89 2007 e
113 1935 191 2030 lega
212 1935 362 2004 mosaica
384 1946 417 2003 et
438 1933 480 2003 de
498 1931 650 2018 ejusdem
663 1931 852 2004 difficultate
865 1937 1053 2008 seeundum
1091 2011 1094 2018 ,

67 2033 268 2104 doctrinam
282 2030 510 2107 christianam.
543 2032 715 2125 Quorsum
728 2030 842 2122 itaque
856 2034 1053 2128 conlhgiunt

2 2145 3 2148 ’
63 2130 219 2202 Ptolem.
241 2142 277 2208 et
295 2129 549 2205 Tertullianus?
583 2131 777 2199 Provocant
797 2128 840 2199 ad
860 2131 983 2202 Matth.
1000 2144 1053 2224 19,

63 2228 135 2300 sed
150 2251 182 2296 v.
192 2239 223 2317 8,
240 2227 447 2298 Mosen‘oon
462 2251 506 2297 ex
521 2227 634 2298 divina
646 2227 721 2318 lege
735 2251 845 2320 neque
857 2251 918 2300 sua
929 2243 1052 2320 mente,

65 2328 137 2398 sed
167 2328 212 2395 ob
239 2327 395 2394 duritiem
417 2325 611 2396 animorum
641 2327 813 2396 arbitratui
834 2327 981 2395 virorum
1001 2329 1053 2397 rri-

64 2426 182 2494 mium
210 2423 374 2494 tribuisse.
417 2424 471 2492 Ita
500 2424 634 2516 egregie
665 2425 810 2494 divinam
838 2437 987 2495 mentem
1015 2427 1052 2494 in

63 2537 224 2612 utroque
246 2521 289 2594 Τ.
310 2522 503 2610 conspirare
531 2521 800 2605 demonstratum
828 2522 918 2612 quod
944 2523 1053 2592 neuti-

66 2643 181 2714 quam
199 2633 347 2709 pateret,
369 2621 398 2690 si
420 2620 570 2694 Christus
593 2617 757 2687 adulterio
779 2619 957 2692 divortium
976 2643 1053 2710 per·

1 2715 2 2718 ¹
59 2720 211 2789 mittere
234 2719 412 2789 diceretur.
438 2718 527 2811 ‘Qua
541 2741 618 2786 cum
631 2718 679 2788 ita
693 2718 777 2806 slot,
797 2741 897 2808 nego,
916 2719 951 2787 in
965 2719 1052 2794 Ptol.

63 2831 105 2888 et
136 2817 233 2886 Tert.
263 2816 510 2906 exemplaribus
540 2839 574 2883 n.
594 2816 637 2890 Τ.
663 2817 868 2886 versiculum
897 2831 1053 2889 nostrum

61 2914 236 2988 mutilum
260 2915 385 3001 fuisse,
416 2937 621 3006 quamquam
648 2912 688 2984 de
717 2915 913 2985 Tertulliani
937 2939 1053 2986 exem·

61 3012 162 3106 plari
184 3012 423 3082 Griesbaohius
445 3033 581 3104 quoque
603 3012 692 3082 idem
714 3013 867 3102 opinatus
889 3017 945 3090 sit.
985 3015 1053 3084 te

55 3135 154 3184 rum
175 3111 232 3182 fac
253 3134 435 3200 ponamus,
465 3114 505 3180 ab
527 3113 600 3182 istis
621 3110 665 3200 pol
680 3111 727 3180 ’ml
743 3109 865 3209 argutia
886 3111 1053 3199 ablirisse3

57 3225 146 3282 non
159 3210 269 3298 magis
284 3211 396 3300 Hugio
413 3209 553 3279 concedi
568 3223 695 3300 potest,
716 3230 756 3278 ea
769 3210 872 3277 verba
883 3208 959 3278 ideo
972 3208 1052 3291 reji-

57 3307 200 3382 cienda
222 3330 309 3379 esse.
344 3308 482 3400 Quanta
502 3309 590 3376 enim
610 3320 723 3378 essent
743 3307 982 3398 expungenda,
1004 3311 1053 3398 si,

56 3428 285 3501 quacunque
309 3429 397 3476 unus
420 3407 545 3476 alterve
569 3428 588 3474 e
609 3406 828 3495 scriptoribus
849 3407 997 3497 antiquis
1017 3407 1054 3476 in

54 3504 261 3578 excitando
282 3528 316 3575 n.
332 3505 373 3577 T.
396 3504 544 3576 omiserit
565 3518 622 3574 aut
643 3504 795 3574 omisisse
812 3504 996 3594 videretur,
1014 3505 1054 3574 il-

50 3607 140 3676 lico
174 3601 281 3670 deleri
309 3601 495 3690 oporteret!
525 3603 654 3695 Hugius
678 3615 790 3672 autern
811 3604 851 3673 ab
872 3605 955 3694 ipsis
976 3602 1052 3672 cdd.

51 3729 123 3798 gr.
158 3714 196 3772 et
221 3701 294 3768 intt.
324 3700 456 3770 diverse
481 3699 595 3768 locum
622 3714 775 3772 nostrum
803 3701 870 3792 legi
896 3704 1053 3788 affirmat,

54 3821 155 3872 cutm
177 3796 343 3866 nonnulla
363 3796 405 3868 cl.
421 3818 493 3866 occ.
518 3798 718 3869 documenta
735 3798 874 3899 myrride
887 3801 966 3888 nipe
977 3825 1056 3896 mp-

50 3904 149 3978 μίας
165 3920 228 3987 pro
246 3896 290 3984 pol
305 3895 360 3968 tal
369 3927 405 3964 π.
428 3895 580 3966 habeant
624 3897 690 3966 Sed
711 3899 805 3991 origo
827 3898 925 3980 hujus
946 3898 1056 3965 varia·

52 3998 154 4074 tatis
175 4009 272 4084 patet
292 4017 311 4068 e
334 3994 355 4068 l.
377 4017 410 4084 p.
433 4017 463 4070 c.
485 4002 524 4084 5,
544 4003 586 4072 32
614 4009 758 4086 arrepta.
800 3997 983 4071 Innumero
1009 3991 1058 4072 le·
