2532 4528
1080 320 1100 384 9

119 466 345 559 scholiorum,
359 467 550 563 glossarum
561 483 605 540 ¹et
620 467 791 542 scribendi
812 467 1011 541 mendorum
1031 475 1101 541 ior-

118 568 204 638 tuito
215 579 296 639 nata
307 580 360 640 est
374 619 386 658 ,
400 568 545 660 ideoque
555 589 692 656 omnes,
707 570 738 640 si
754 569 840 640 forte
856 571 1006 664 excipias
1018 593 1100 661 pau.

117 687 178 736 oos
196 665 301 738 libros
317 668 417 736 mixti
430 668 562 752 generis
577 668 778 762 singulaque
796 667 873 738 loca
894 670 928 738 in
948 669 1101 759 complu-

113 764 213 835 ribus
238 788 259 834 a
281 787 423 836 censore
444 765 594 857 quodam
622 766 814 855 immutata,
838 764 874 836 in
904 769 1101 839 universum

116 860 304 960 ἆδῐέςθοτοι
318 877 538 956 sunt3neque
552 866 834 944 inremissionem
853 864 957 937 sedin
974 866 1101 938 classes

116 973 154 1030 et
171 960 314 1032 familias
335 962 566 1034 distribuendi.
609 965 688 1056 lpse
707 963 948 1036 Griesbachius
967 966 1003 1034 iu
1022 959 1101 1035 Me·

114 1056 275 1148 letemate
293 1061 340 1132 11.
367 1061 409 1131 de
430 1063 571 1134 vetustis
591 1075 708 1134 textus
727 1087 762 1133 n.
783 1064 825 1135 Τ.
835 1063 1100 1136 recensionibus

117 1157 181 1243 (ia
198 1159 312 1229 fronte
331 1161 572 1232 commentarii
588 1162 716 1234 =Critici
731 1165 768 1234 P.
791 1165 832 1236 lI.
854 1185 887 1252 p.
909 1162 1104 1241 XXXIV.)

114 1257 229 1329 fassus
244 1261 314 1329 'est
340 1261 476 1330 nonnisi
495 1260 751 1332 alexandrinam
772 1262 1005 1332 recensionem
1022 1283 1104 1352 pro-

115 1357 192 1448 prie
212 1379 290 1428 esse
314 1357 511 1440 dicendam,
528 1360 563 1429 in
590 1361 824 1450 componendo
852 1359 1040 1448 Evangelio
1067 1373 1102 1430 et

1 1503 2 1508 κ
115 1458 284 1546 Apostolo
311 1456 537 1548 elaboratam,
573 1460 943 1530 occidentalia'contra
968 1473 1003 1528 et
1034 1463 1102 1528 ori-

115 1555 244 1626 entalia
264 1557 472 1648 exemplaria
491 1581 573 1630 casu
597 1560 709 1651 potius
729 1571 867 1650 propter
885 1557 1103 1630 librariorum

113 1655 283 1727 incuriam
310 1679 352 1726 ac
376 1655 525 1742 singulas
546 1679 725 1728 censorum
744 1655 948 1728 mutationes
973 1656 1103 1726 discre-

0 1751 1 1756 ’
113 1778 207 1850 pare.
249 1756 438 1826 Confitetur
465 1756 566 1826 etiam
581 1757 712 1850 Hugius
733 1753 915 1824 editionem
937 1754 1104 1826 librorum

114 1850 428 1960 perempturos
443 1877 528 1928 esse.
558 1855 626 1926 Sed
639 1877 701 1925 our
714 1853 804 1924 hane
816 1855 978 1945 praecipue
991 1875 1099 1943 opera

115 1953 314 2024 criticorum
325 1956 465 2026 eximit?
481 1953 618 2025 Scilicet
628 1954 707 2046 quia
719 1951 874 2024 Clemens
888 1952 984 2044 alex,
997 1975 1101 2044 quem

117 2050 300 2122 editionem
322 2051 496 2146 vulgatam
518 2053 617 2144 sequi
641 2053 708 2140 ait,
730 2073 809 2122 cum
827 2050 958 2142 aliquot
981 2051 1100 2120 lectio-

91 2151 215 2240 snibus
229 2151 264 2220 iu
279 2173 361 2220 oea
372 2169 396 2218 o
415 2150 765 2242 obviis‘consentiat3·
776 2149 837 2220 sed
856 2150 1028 2240 istosque
1047 2148 1104 2219 vel

113 2245 191 2339 plus
212 2247 317 2322 etium
342 2271 422 2320 oum
444 2269 527 2318 auc
549 2248 708 2319 concinit.
751 2246 875 2336 Addit,
920 2248 977 2318 uia
999 2247 1102 2318 editio

114 2349 282 2420 librorum
298 2369 375 2419 ano
392 2347 571 2442 purgatior
589 2348 654 2438 sit,
674 2345 736 2417 sed
759 2346 841 2439 quin
858 2271 977 2416 eadem
996 2346 1101 2418 editio

115 2447 257 2542 vulgata
279 2460 314 2519 et
324 2447 435 2520 minus
448 2460 482 2517 et
497 2447 604 2539 magis
619 2459 778 2538 corrupta
790 2467 865 2516 esse
880 2447 1010 2535 possit,
1030 2471 1102 2517 non

114 2545 236 2638 video,
260 2558 297 2616 et
313 2567 398 2616 mox
421 2546 704 2630 monstrabimus,
725 2543 906 2614 nonnullos
929 2567 1043 2615 nevos
1066 2546 1103 2615 in

113 2667 195 2717 auc
214 2643 367 2716 secundo
390 2644 468 2716 loco
491 2645 659 2716 derivatos
675 2663 774 2734 esse,
798 2641 968 2715 etsolum
992 2643 1102 2735 primo

113 2741 255 2814 codices
279 2763 394 2814 nnnc
418 2764 598 2834 peccasse,
629 2742 708 2814 alibi
738 2744 842 2813 etiam
868 2763 983 2828 nnnc
1006 2742 1100 2813 solos

113 2854 210 2912 reete
227 2841 360 2937 legere,
379 2842 428 2914 its
439 2856 478 2912 ut
491 2843 527 2911 in
541 2842 594 2912 his
608 2841 694 2913 locis
709 2841 811 2911 editio
831 2841 911 2916 cdd.
926 2863 1003 2912 aro
1025 2863 1104 2911 cor·
1129 2901 1137 2940 ,Ι
1256 2906 1259 2916 ,

112 2941 247 3032 ruptior
260 2954 298 3012 et
313 2946 422 3034 magis
436 2937 811 3039 iulgsmnapparese
832 2940 867 3022 *)

180 3039 327 3134 Quando
363 3041 408 3110 de
430 3043 629 3134 απιὶᾳιιίιαει
657 3053 691 3108 et
710 3039 908 3132 prestantia
928 3040 1103 3131 maiusque

112 3141 268 3233 moninio
290 3137 448 3211 codicum
461 3159 573 3208 sermo
586 3137 751 3227 infertur,
770 3137 807 3206 in
822 3135 974 3206 diversas
990 3149 1103 3226 partes
1159 3147 1163 3156 “

115 3242 245 3314 abeunt
269 3237 404 3308 eruditi.
444 3239 634 3329 Postquam
657 3237 845 3328 Benpeliur
865 3237 1103 3306 auctoritatem

114 3329 282 3412 librorum
299 3339 533 3434 gregariorum
553 3333 673 3407 classis
693 3333 865 3408 orientalis
884 3351 1025 3406 numero
1043 3357 1101 3427 po-
1181 3429 1186 3443 ι

147 3617 177 3686 ⁴)
211 3613 433 3674 Griesbachius
449 3613 481 3670 in
499 3613 671 3670 Comment.
689 3611 757 3668 crit.
774 3611 812 3670 P.
827 3612 866 3669 H.
886 3631 915 3684 p.
928 3611 1006 3670 LIV.
1025 3622 1104 3668 tem.

211 3716 323 3771 porum
335 3698 452 3752 ratione
470 3697 613 3752 adductus
630 3695 730 3765 Hugio
744 3693 936 3766 obloquitur,
954 3695 1101 3766 Hesychi-

211 3799 265 3836 um
283 3789 354 3853 post
370 3780 493 3834 tertium
508 3779 645 3834 seculum
662 3781 795 3834 medium
812 3779 934 3834 demum
946 3771 1099 3845 derisisse,

212 3867 267 3921 sed
280 3867 347 3936 jam
364 3872 450 3920 antea
467 3863 658 3918 Clementem·
673 3865 711 3917 al.
729 3871 760 3917 et
772 3862 936 3930 Origenem
949 3861 1100 3930 exempla.

212 3949 297 4004 ribus
316 3946 454 4005 alemab
469 3939 693 4028 editionezarrrp'i
707 3947 867 4005 admodum
883 3943 1008 4002 diversis
1020 3959 1099 3998 usos

212 4031 314 4090 nisse.
