2532 4528
201 333 242 401 ³8

125 469 127 472 ’
202 481 367 554 adductus
382 476 657 570 habet3'codicis'
672 499 786 571 causa,
803 478 928 573 siquid
939 478 1050 569 rideo,
1072 481 1176 552 omis-⁴
1249 535 1250 548 .

201 580 306 651 sionis
320 580 384 650 fnit
398 601 474 648 cum
488 577 770 674 hujus‘partioulae
783 580 895 670 inepte
909 601 950 649 eo
965 577 1067 648 modo
1082 578 1177 648 adul·
1249 587 1251 722 ἱ

1250 730 1251 788 l

1250 791 1251 838 l

202 692 322 766 teratu,
341 690 412 748 turn
425 677 640 768 precedentis
653 679 798 748 nominis
810 676 1006 779 repiremus.
1017 715 1060 732 -
1074 675 1176 770 Quod

200 775 286 866 Eph.
303 783 363 866 2,3
377 785 495 844 noster
508 773 820 846 Clementem'alex.
834 786 969 844 secutus
991 775 1072 863 piru
1082 774 1177 844 omi-

201 887 311 962 serat,
332 874 531 942 membrana
550 895 691 944 suurn
711 895 790 944 oum
806 871 950 955 Origene
964 893 1039 940 eam
1052 893 1174 942 vocem

199 981 488 1060 transposuerunt.
511 1011 553 1028 -
579 973 773 1062 Act.7,1s
796 969 932 1040 omissio
964 968 1176 1052 conjunctio·

198 1070 251 1140 nis
272 1067 424 1140 calante
444 1067 546 1154 aalide
570 1069 605 1138 in
626 1068 700 1140 cod.
725 1076 785 1142 109
804 1067 871 1138 unt
892 1090 971 1136 cum
992 1064 1090 1135 c'odd.
1110 1067 1177 1135 Pe-

199 1167 298 1256 tavii,
319 1170 359 1236 ts
380 1179 415 1235 et
433 1187 456 1234 n
479 1166 578 1236 obvia
593 1168 663 1248 jam
679 1166 714 1238 in
729 1165 913 1258 archetypo
930 1164 1049 1234 classis
1065 1164 1177 1233 orien-

199 1264 277 1335 talis
300 1263 471 1334 exstitisse
492 1264 639 1354 putanda
659 1275 730 1353 est,
755 1263 844 1332 unde
864 1263 933 1331 hec
954 1283 1032 1332 cum
1053 1260 1131 1332 cod.
1153 1273 1174 1334 t

198 1361 357 1432 lacunam
382 1362 519 1452 explere
548 1365 735 1433 conabatur
761 1359 943 1444 injiciendo
963 1366 1020 1432 111
1046 1381 1081 1428 r.
1104 1371 1175 1430 not.

201 1458 276 1528 crit.
312 1459 392 1528 Act.
406 1469 462 1550 22,
476 1463 517 1531 16
536 1459 675 1531 exhibet
694 1472 811 1531 noster
830 1457 1063 1549 primigenium
1077 1455 1177 1527 scho-

114 1565 122 1578 ·
199 1555 270 1624 lion
291 1559 408 1658 sagiso,
431 1556 522 1646 quod
542 1549 611 1626 uon
632 1556 747 1627 dubito
769 1557 850 1648 quin
869 1555 904 1624 in
926 1552 1109 1646 archetypo
1132 1553 1176 1625 cl.

202 1675 251 1722 or.
272 1675 376 1744 super
394 1650 474 1731 adli
494 1656 657 1746 scriptum
677 1655 794 1745 merit,
817 1652 906 1724 unde
925 1651 995 1724 bec
1014 1651 1177 1724 universa

198 1749 330 1840 plenius
349 1759 393 1826 rii
412 1755 499 1854 aegla
517 1751 751 1824 fabricabatur.

250 1847 426 1942 ‘Epistola
450 1849 503 1918 ad
525 1848 695 1941 Hebraeos,
722 1875 793 1942 qus
817 1851 853 1920 in
873 1849 998 1922 familia
1017 1848 1122 1920 latina
1142 1861 1177 1919 et

124 1952 137 1982 Χ
202 1944 311 2016 classe
330 1945 482 2015 orientali
497 1946 674 2037 epistolam
688 1947 731 2018 ad
746 1947 975 2020 Philemonem
989 1947 1103 2017 datam
1118 1969 1177 2017 ex-

201 2045 283 2134 cipit
310 2043 463 2135 adeoque
487 2069 606 2130 agmen
630 2047 830 2138 scriptorum
852 2047 947 2117 Pauli
968 2045 1113 2136 claudit,
1141 2046 1177 2116 in

199 2153 348 2228 nostro,
368 2143 460 2212 utin
480 2142 598 2213 codice
617 2146 806 2236 propinquo
826 2147 880 2233 46,
900 2146 934 2215 in
953 2143 1077 2214 familia
1098 2144 1178 2214 afri·
1254 2181 1255 2192 2

201 2260 286 2310 cana
306 2261 385 2310 nnc
407 2252 441 2310 et
460 2239 642 2333 proximis,
664 2241 754 2332 apud
774 2242 971 2330 interpretes
989 2245 1176 2312 Armenum

199 2349 235 2408 et
249 2339 443 2428 Coptioum,
464 2337 553 2428 apud
568 2337 820 2408 Theodoretum
841 2349 943 2428 atque
957 2338 992 2406 in
1005 2339 1174 2408 veteribus

201 2434 450 2524 exemplaribus
472 2434 561 2522 apud
581 2434 804 2524 Epiphaninm
825 2436 986 2506 adversus
1007 2433 1121 2504 hares.
1144 2434 1175 2504 1.
1255 2453 1256 2502 ἢ

199 2533 241 2602 36
261 2531 300 2600 Τ.
317 2530 344 2600 Ι.
358 2553 390 2620 p.
406 2533 578 2622 373'Opp,
597 2532 819 2622 posteriorem
833 2531 876 2602 ad
891 2531 1176 2603 Thessalonicen·

200 2649 255 2700 ses
278 2627 509 2717 subsequitur.
545 2628 600 2696 Sic
618 2627 825 2704 Athanasius
847 2631 883 2700 in
904 2629 1046 2720 epistola
1063 2629 1177 2700 festali

199 2726 242 2800 T.
257 2733 275 2792 1
290 2726 328 2792 Ρ.
343 2725 387 2793 11.
401 2747 434 2815 p.
448 2727 509 2798 962
523 2723 573 2793 ed.
589 2723 722 2814 Maur,
741 2726 776 2794 in
797 2750 865 2818 qua
887 2749 1052 2797 canonem
1070 2725 1177 2797 libro-

198 2844 273 2898 rum
290 2843 465 2892 sacrorum
479 2833 653 2905 recenset,
675 2823 850 2913 epistolam
862 2824 905 2894 ad
921 2824 1081 2892 hebreos
1097 2833 1177 2914 post

199 2931 379 3010 utramque
388 2918 432 2988 nd
440 2917 761 2990 Thessalonicenses
769 2921 906 2991 missam
914 2930 1175 3007 enumerat,non

198 3039 245 3087 ex
266 3016 421 3106 opinione
447 3018 597 3106 privata,
623 3016 684 3086 sed
705 3018 873 3105 publicam
895 3017 1097 3087 sententiam
1117 3038 1177 3086 eo·

199 3113 378 3184 elesiarum
386 3113 534 3206 Aegypti
544 3126 700 3200 secutus3
715 3138 781 3205 qua
793 3115 828 3184 in
842 3137 879 3184 re
892 3117 1095 3206 suffragatur
1109 3136 1173 3183 au-

198 3223 481 3301 ctorsynopseos
504 3233 532 3281 s.
553 3210 721 3301 scriptura
734 3218 768 3282 in
783 3213 869 3302 Opp.
883 3211 1048 3282 Athenas.
1068 3212 1110 3280 T.
1126 3211 1174 3279 ll.

197 3331 231 3398 p.
246 3310 307 3383 197
327 3311 380 3393 (v.
395 3310 484 3400 Hug.
503 3307 545 3376 de
566 3309 765 3399 antiquitate
787 3309 862 3378 cod.
879 3309 1033 3378 Vaticani
1053 3331 1086 3398 p.
1101 3308 1175 3390 at).

196 3405 319 3496 Neque
347 3427 429 3475 vcro
457 3407 493 3474 in
521 3427 662 3496 corpore
682 3405 822 3476 Paulino
851 3406 1115 3476 commodiorem
1141 3415 1177 3474 et

199 3502 421 3593 antiquiorem
446 3503 599 3574 ordinem
612 3527 722 3596 quam
744 3515 820 3573 ante
842 3507 985 3592 quatuor
1001 3503 1117 3574 literas
1132 3499 1177 3574 ad

198 3600 350 3692 singulos
366 3600 520 3672 homiues
537 3600 630 3672 datas
647 3601 787 3692 epistola
798 3598 840 3670 ad
850 3600 1011 3671 Hebraeos
1025 3601 1176 3672 tenuisse

198 3697 348 3793 videtur,
377 3697 433 3767 vel
461 3697 638 3788 aliquando
667 3709 745 3789 post
772 3695 948 3784 epistolam
970 3697 1013 3767 ad
1035 3697 1176 3768 Galatas

200 3817 295 3882 cam,
322 3805 439 3888 utpote
464 3795 590 3886 paritor
615 3793 658 3864 ad
683 3806 820 3888 gentem
846 3795 1026 3886 scriptam,
1058 3796 1178 3866 sedem

202 3913 386 3982 occupasse
408 3892 601 3982 suspicatur
613 3894 745 3986 Hugius
756 3889 835 3964 loco
848 3903 1034 3962 memorato
1055 3909 1101 3961 ex
1118 3891 1178 3964 ad·

202 3990 327 4080 scripto
355 3993 503 4085 capitino
527 3991 764 4066 continuorum
782 4010 923 4066 nurnero
944 3988 980 4062 in
1002 3986 1121 4062 codice
1144 4011 1178 4075 n,
