2480 4528
80 305 195 354 curor
212 303 266 352 rx.
317 313 321 326 ·
565 352 567 364 ,
1012 285 1072 358 101

80 433 117 500 in
139 433 235 510 ιύἹοῒς
262 433 450 502 mutaliaut.
494 431 902 511 Nou·miuus'i1'Luoa
929 432 1073 509 habetur

81 553 114 602 οι
128 537 233 618 9,51);
261 527 321 600 εἷπε
340 527 414 630 arpi<
434 529 524 604 eills
541 532 558 604 ὅ
574 534 679 609 Ἰησὲς’
705 530 750 620 μδ
767 521 898 613 mntiile,
917 533 975 602 ubi
998 537 1074 624 qui·

26 690 34 704 ,
78 629 160 698 dam
182 627 372 720 cddcaequc
388 627 462 730 spic
477 630 567 708 aitte
582 651 784 720 correxere,
807 653 836 704 c.
855 639 906 721 13,
921 641 976 704 15:
995 629 1073 706 eim.

78 730 175 828 agion
200 729 295 816 aiii,
323 729 381 797 ubi
408 729 552 799 eandem
581 730 627 798 ob
646 749 786 803 oausam
807 752 894 804 unus
915 754 935 803 e
956 731 1072 824 Mosq.

77 830 182 906 αὐΊοῗς
202 828 355 900 mutavit.

143 1001 177 1052 v.
192 984 242 1050 20.
269 979 328 1046 titi
345 974 422 1045 loco
441 979 523 1059 ultr,
538 977 640 1070 'quod
660 977 715 1048 vel
737 976 945 1070 negligentia
963 979 1006 1046 ob
1023 977 1073 1047 al*

75 1075 306 1144 literationem
336 1073 377 1144 ad
398 1073 491 1148 πεσόν
520 1075 574 1144 vel
588 1077 735 1147 inscitiae
756 1077 892 1169 generis
915 1077 1070 1148 neutrius

76 1173 136 1241 vel
157 1172 333 1242 imitationi
355 1175 532 1245 commatis
551 1179 590 1244 15
612 1175 726 1246 deberi
751 1175 900 1262 videtur,
930 1197 948 1242 e
970 1175 1071 1265 quin:

77 1270 192 1338 decim
208 1270 284 1342 cdd.
299 1295 351 1363 gr.
369 1285 403 1344 et
418 1273 490 1362 Syr.
505 1275 673 1347 utuPers.
690 1274 843 1347 emenda.
871 1271 961 1342 Nam
976 1271 1070 1364 quod

75 1369 325 1456 nominativum
348 1369 539 1440 absolutum
560 1391 635 1440 esse
653 1369 791 1458 volunt,
812 1371 889 1441 loco
906 1373 1009 1452 istun
1025 1374 1071 1446 rii

77 1471 132 1538 vta
149 1469 253 1550 eliis,
275 1467 356 1552 mihi
376 1493 445 1536 nou
468 1469 640 1560 probatur.
677 1471 915 1542 Nominativus
933 1469 1071 1562 quidem

75 1567 242 1659 longioris
264 1567 390 1636 tenoris
413 1565 469 1635 vel
488 1569 643 1658 apposito
659 1571 822 1660 adauctus
838 1567 991 1640 absolute
1007 1579 1069 1658 pro

77 1691 167 1737 casu
195 1665 331 1762 obliquo
362 1667 498 1756 ponitur
519 1671 599 1745 Act.
621 1673 717 1759 7,1ο
745 1691 763 1738 e
784 1667 1069 1764 Deuteronomio,

76 1769 101 1836 J
106 1767 161 1836 oh.
176 1773 261 1857 17,2
284 1765 426 1856 Apocal.
442 1775 474 1856 2,
488 1769 540 1838 26.
560 1770 592 1857 6,
608 1777 647 1858 83
666 1767 722 1836 vel
743 1766 787 1835 ibi
808 1767 990 1858 reperitur,
1013 1765 1071 1838 ubi

75 1855 222 1936 verbum
236 1887 358 1958 regens
375 1851 494 1934 casum'
511 1865 685 1958 obliquum
701 1865 835 1958 longius
850 1865 939 1936 absit
949 1867 984 1945 (2
992 1863 1070 1937 Con

75 1976 112 2046 8,
126 1971 168 2034 23
188 1965 232 2033 ib.
255 1976 328 2032 not.
351 1966 502 2048 nostr.):
524 1977 577 2033 est
597 1965 687 2033 enim
711 1961 938 2035 anacoluthon
961 1962 1071 2053 quod·

75 2064 173 2138 dam‘
206 2063 384 2153 Nusquam
403 2083 485 2130 vero
507 2063 735 2132 nominativus
757 2073 818 2156 plo
840 2059 990 2153 genitivo
1010 2061 1070 2129 ab·

76 2161 195 2232 soluto
227 2160 423 2231 collocatur.
464 2159 554 2230 Mox
576 2185 608 2231 v.
619 2165 664 2230 ’26
686 2163 767 2231 item
786 2172 907 2230 neutra
928 2159 1070 2228 restitus

75 2259 204 2364 κμίξαί
213 2257 265 2332 καὶ
278 2257 381 2331 vernei
395 2258 567 2360 παρέξων,
583 2283 656 2351 quae
667 2261 801 2330 Griesb.
812 2261 847 2328 iu
862 2257 978 2359 κράξας
992 2291 1023 2331 κ.
1032 2289 1068 2328 π.

74 2357 241 2458 σπαράξας
268 2358 421 2433 mutavit.
462 2357 619 2432 Similiter
642 2359 722 2428 Luc.
737 2371 768 2445 9,
783 2365 823 2432 ³9
844 2356 982 2448 quidam
1009 2377 1070 2424 ve·
1178 2374 1181 2386 ·

74 2465 170 2528 teres
191 2456 268 2526 libri
289 2456 458 2556 scriptam,
481 2477 511 2526 c.
529 2465 580 2546 11,
595 2464 634 2528 21
657 2459 792 2556 εὑρίσκων
812 2470 847 2528 et
860 2481 893 2532 v.
908 2462 949 2524 25
970 2455 1069 2526 ἐλθόν

75 2553 262 2643 exhibent,
282 2552 362 2624 licet
382 2553 456 2630 haec
478 2554 542 2624 tria
560 2555 738 2646 partieipia
760 2553 802 2624 ad
815 2559 936 2644 πνεῦμα
950 2553 1069 2626 referri

74 2665 247 2744 oporteat

139 2825 176 2878 v.
190 2810 242 2875 28.
271 2800 319 2872 Cl.
342 2807 437 2892 oen,
456 2816 496 2872 ut
516 2799 594 2872 alibi
615 2805 662 2883 (v.
680 2814 752 2879 not.
773 2801 818 2872 ad
838 2803 1068 2890 Act.22‚17),
1192 2823 1197 2831 “

73 2901 315 2974 accusativum
335 2905 501 2980 εἰςιλθᾶνἹα
515 2903 605 2979 anilis
624 2901 658 2968 in
675 2901 862 2992 genitivum
877 2899 1069 2970 absolutum

70 3000 254 3078 εἷςελθᾶἦκ
278 3002 354 3080 allii
374 3001 536 3090 mutavit,
563 3001 656 3092 quod
677 2999 855 3070 Schulzius
876 2999 966 3068 rnale
988 3019 1068 3087 pro·

71 3097 184 3186 bavit.
224 3091 397 3189 Frequens
427 3111 540 3168 autem
568 3099 681 3168 estin
702 3123 735 3168 u.
756 3098 798 3171 Τ.
821 3097 889 3166 haec
911 3109 1068 3166 constru-

74 3197 170 3284 ctio,
199 3196 412 3286 participium
435 3197 470 3266 in
492 3219 593 3286 casu,
625 3219 726 3288 quem
747 3195 835 3289 regit
854 3196 1066 3286 subsequens

72 3295 242 3382 verbum,
269 3295 417 3384 ponendi
437 3307 472 3364 et
493 3317 681 3384 pronomen
702 3293 821 3363 eodem
843 3315 927 3362 casu
948 3292 1067 3375 adjici-

74 3391 171 3460 endi.
207 3393 328 3483 Neque
342 3405 454 3462 tamen
469 3393 504 3462 id
516 3417 627 3486 genus
643 3394 777 3465 dicendi
792 3416 832 3463 ea
845 3393 1066 3481 necessitate,

71 3514 149 3581 qua
164 3489 199 3560 in
212 3511 371 3560 sermone
383 3489 501 3580 latino,
521 3495 732 3582 observatur,
751 3491 814 3564 sed
830 3515 909 3562 cum
923 3491 957 3561 id
973 3492 1066 3583 qnod

70 3610 140 3679 per
162 3589 374 3678 participium
396 3590 605 3682 enunciatur,
626 3590 682 3660 vel
698 3613 800 3660 sensu
813 3589 868 3659 vel
883 3591 1066 3659 verborum

74 3689 181 3780 copia
201 3689 352 3779 paullum
373 3689 576 3770 disjunctum
597 3702 650 3760 est
671 3713 692 3760 a
709 3690 814 3758 verbo
836 3690 951 3777 finito,
970 3691 1066 3781 geni-

72 3788 151 3854 tivo
180 3787 334 3856 absoluto
362 3788 501 3878 praevio,
528 3788 745 3878 subjungitur
774 3809 959 3877 pronomen
981 3808 1066 3856 casu

72 3885 232 3955 diverso:
260 3885 386 3955 Matth.
409 3888 460 3974 17,
480 3897 517 3962 9:
544 3885 766 3967 miassmririov
790 3886 900 3964 atto„
921 3885 1067 3961 estuat

73 3983 193 4070 αῠΊρΐς,
214 4006 246 4054 c.
262 3993 314 4076 18,
328 3990 370 4056 25
390 3983 519 4080 Luco,
533 3990 575 4056 12
595 3985 706 4060 Mare.
720 3985 753 4073 6,
766 3991 819 4053 22.
