2532 4528
209 308 250 369 to
953 315 1000 380 a‘e
1023 325 1186 386 tororum

207 457 276 526 Pro
302 457 424 554 religa
439 457 711 556 ’rnatu-rumim
738 457 997 535 c.el.0r0108.
1020 467 1099 554 109,
1130 465 1189 535 ubi

209 545 311 647 Vulg.
331 558 443 653 colliga
464 559 590 647 absque
611 557 706 626 Ἰησῧν
727 577 756 627 0.
776 561 820 633 al.
849 579 881 625 v.
896 561 936 626 2t
956 560 1049 634 ream
1068 574 1103 654 et
1121 563 1191 650 λαᾷ

211 653 367 739 abestab
384 662 460 738 tos.
485 662 544 727 109
566 677 596 726 o.
613 654 655 724 cl.
670 669 720 732 o'r.
749 677 781 728 v.
797 659 838 726 26
858 648 932 724 atro
958 658 1061 736 abest,
1077 667 1137 736 109
1159 683 1194 732 o.-

210 749 272 835 al.;
292 748 381 820 idem
395 774 455 840 pro
470 740 696 840 εἴξεως-ἱκανὰ.
723 776 755 825 v.
771 759 811 826 26
824 750 1010 843 ἰξαπιςιίλη
1028 759 1086 830 106
1101 783 1131 829 c.
1145 760 1188 831 al.

210 870 244 916 v.
258 858 307 922 29
319 849 420 924 odvia
435 859 504 922 108.
520 860 579 924 109
594 873 623 923 o.
639 853 723 942 plur.
738 867 841 924 reete.
864 879 898 928 v.
912 863 950 925 31
974 857 1024 924 νῦν
1044 870 1121 926 ante
1135 859 1191 926 nior

211 948 309 1020 abest
330 959 401 1021 108.
425 956 484 1021 109
506 972 536 1025 o.
557 949 601 1026 ol.
622 973 669 1020 or.
704 973 736 1020 v.
752 960 793 1022 32
815 951 899 1037 ὑμεῖς
920 953 1016 1024 abest
1038 964 1107 1025 108.
1139 983 1193 1042 γε·

211 1045 331 1132 raptio
352 1046 547 1132 inmutav
563 1047 651 1119 1082
678 1073 711 1122 v·
726 1053 767 1124 37
789 1040 819 1119 ir
832 1049 1192 1149 dl-dtapbopa'v'abesl

210 1155 272 1219 109
292 1146 335 1213 ob
358 1142 650 1217 homoeoteleuton.
683 1171 715 1218 v.
736 1155 776 1222 ³9
803 1149 849 1236 rii
869 1152 965 1222 abest
987 1155 1058 1223 106.
1092 1174 1126 1226 v,
1148 1155 1191 1221 to

210 1240 256 1330 pul
282 1241 580 1342 ἐπέλθῃ-ἀρημένον
609 1246 638 1320 e’r
665 1248 760 1316 abest
782 1254 853 1322 109.
886 1271 918 1319 v.
940 1257 978 1319 tt
1008 1245 1195 1330 rai'rt'purl-

213 1344 304 1419 obde
326 1345 421 1414 abest
442 1343 534 1421 tost.
564 1334 649 1442 ἔρον
671 1344 766 1415 abest
786 1352 855 1414 108.
879 1355 938 1420 109
960 1369 990 1416 e.
1006 1347 1091 1438 plur.
1123 1350 1192 1417 Pro

213 1430 282 1524 td
302 1450 491 1518 108.109o.
508 1441 614 1532 plue,
632 1443 673 1511 in·
682 1441 736 1516 od.
752 1452 767 1512 1
790 1431 814 1512 ὅ
835 1444 944 1535 reperi
959 1459 993 1514 et
1013 1467 1095 1514 mox
1109 1444 1194 1511 Μι-
1233 1459 1236 1464 ’

214 1539 346 1622 nullae.
381 1551 413 1608 ν’.
436 1541 477 1610 42
504 1539 676 1626 809130ῒέ2
700 1541 757 1622 τῖς,
779 1543 1035 1630 corapopteutv
1053 1540 1193 1610 'ludelau

214 1745 425 1834 prooemium
445 1768 515 1814 non
535 1760 747 1837 numeratus,
768 1748 890 1838 partim
911 1747 1192 1840 quodseoundus

214 1865 284 1912 una
304 1865 382 1912 eum
403 1844 509 1934 primo
526 1847 663 1927 junctus
676 1846 786 1916 fuerit.
823 1847 913 1918 lllud
928 1859 1039 1916 autem
1053 1845 1193 1916 dubium

216 1953 284 2031 est,
313 1954 425 2010 utrum
447 1942 573 2014 Paulus
603 1944 693 2034 ipse,
720 1967 763 2014 an
789 1957 889 2016 vetus
917 1943 1143 2034 interpolator·
1158 1943 1194 2011 in

215 2062 279 2110 suo
303 2040 489 2131 exemplari
510 2040 693 2112 Bibliorum
713 2063 790 2112 eum
810 2043 962 2113 ordinem
984 2040 1194 2133 psalmorum

215 2136 389 2227 repererit.
430 2138 539 2230 Igitur
566 2140 694 2211 rectius
719 2140 887 2230 scriptura
912 2141 1134 2232 plurimorum
1153 2137 1194 2208 li·

214 2236 354 2308 brorum
374 2236 555 2326 retinetur,
584 2260 623 2306 eo
645 2239 774 2332 magis,
802 2239 894 2332 quod
915 2260 1027 2331 neque
1045 2237 1107 2308 illa
1125 2237 1195 2310 sin-

215 2334 361 2428 gularis,
381 2358 491 2426 neque
511 2336 658 2430 vulgaris
680 2337 870 2432 suspIoione
893 2349 1002 2410 vacat.
1033 2337 1192 2428 Namque

214 2456 382 2524 nusquam
400 2431 478 2504 alibi
498 2433 537 2501 in'
553 2458 587 2507 n.
608 2435 649 2503 T.
672 2435 720 2506 ita
740 2435 895 2505 distinete
918 2433 1061 2522 nitatur,
1088 2435 1195 2505 rerba
1247 2431 1248 2438 ’

216 2533 263 2617 τᾷ
287 2532 395 2629 repelle
424 2547 458 2601 et
476 2533 522 2619 τῷ
539 2532 663 2629 deollpp
684 2535 725 2603 ab
749 2533 879 2622 aliquot
899 2531 1112 2602 documentis
1135 2531 1192 2602 ab·

217 2642 315 2719 sunt,
345 2643 380 2700 et
405 2631 439 2700 in
461 2631 532 2702 aliis
553 2632 677 2730 drvlipp
699 2644 777 2702 ante
796 2631 936 2719 ψιλμᾷ,
963 2631 999 2701 in
1019 2629 1092 2701 aliis
1115 2641 1195 2722 post

217 2726 391 2826 piperatas
412 2733 650 2820 transponitur.
846 2741 848 2748 ’

279 2827 331 2896 tt.
359 2829 427 2898 Pro
448 2817 472 2914 ᾇ
491 2831 689 2900 auctoritate
709 2830 933 2922 plurimorum
953 2828 1052 2904 oodd.
1068 2826 1195 2898 utrius-

218 2946 286 3015 que
314 2924 434 2996 olassis
463 2930 625 3016 probante
647 2927 777 2998 Griesb.
802 2921 820 2996 ὅ
844 2931 997 3002 restitue.
1037 2925 1195 2999 Similiter

218 3023 372 3095 nonnulli
396 3024 472 3094 libri
499 3026 614 3115 soripti
642 3039 676 3116 et
698 3025 855 3118 vulgares
877 3025 1031 3118 impressi
1051 3035 1196 3116 peeoant

216 3133 233 3191 1
257 3124 347 3192 Petr.
369 3131 400 3211 3,
422 3132 461 3194 21
483 3113 507 3210 ᾖ
527 3148 587 3214 pro
609 3115 626 3191 i
646 3124 856 3200 exhibentes.

281 3225 335 3292 42.
362 3223 414 3292 Ob
440 3223 571 3293 initium
596 3224 749 3298 lectionis
771 3223 896 3294 librarii
917 3221 1075 3314 quidam,
1100 3232 1143 3290 ut
1160 3219 1195 3289 in

216 3329 334 3386 nostro
357 3327 426 3408 109,
448 3321 710 3411 adscripserant:
733 3321 766 3388 ie
785 3321 836 3397 nir
856 3321 1033 3405 corapupir
1053 3320 1115 3388 mir
1136 3318 1194 3386 'le-

217 3412 326 3498 rator,
346 3431 467 3507 postea
480 3416 522 3494 ol.
538 3441 586 3490 or.
601 3419 748 3508 priorem
766 3419 950 3511 genitivum
966 3407 1066 3495 av'lib
1082 3429 1196 3489 sustu·

216 3513 274 3602 lit,
296 3526 331 3584 et
351 3515 591 3584 nominativum
610 3509 655 3582 τὶὲ
676 3503 750 3584 len
771 3516 882 3592 finxit.
915 3515 1031 3586 Leotio
1054 3514 1099 3585 ol.
1121 3536 1194 3584 ooo.

216 3636 286 3682 non
312 3612 429 3683 dubito
458 3613 537 3703 quin
565 3614 766 3704 preferenda
792 3614 855 3703 sit,
883 3624 922 3683 nt
948 3616 1032 3685 bene
1059 3613 1195 3686 Griesb.

211 3711 389 3794 judicavit
430 3710 563 3780 Etenim
582 3710 798 3782 incommoda
819 3723 909 3782 esset
928 3712 1079 3782 iteratio:
1099 3709 1196 3797 ἐξιόν-

212 3811 268 3885 ‘lar
288 3810 348 3878 voit
374 3809 513 3882 'ludulae
541 3821 575 3877 et
601 3832 635 3877 v.
662 3811 720 3877 43:
751 3805 898 3885 λυθείσης
926 3809 978 3883 rit
1005 3808 1193 3898 συναγωγῇ·

216 3909 333 3979 Potius
361 3909 503 3978 aoristus
532 3905 715 3993 iirtbo'vlar
742 3920 933 4000 poneretur.
973 3907 1103 3978 Deinde
1134 3929 1194 3977 ne·

218 4028 387 4102 quaquam
401 4006 572 4100 probabile
586 4007 737 4098 est‚jam
757 4021 829 4080 tum
842 4008 984 4102 gentiles
998 4005 1088 4082 ultro
1099 4005 1193 4078 verbi
