2532 4528
1010 1013 1028 1054 N

109 1089 169 1220 In
191 1144 402 1222 recensendo
424 1159 522 1220 textu
542 1152 623 1218 novi
642 1149 834 1220 testamenti
850 1147 892 1220 da
905 1143 1003 1222 litera
1021 1147 1107 1244 egb·

109 1263 191 1339 tur3¹
216 1249 279 1322 sed
306 1247 413 1319 literis
437 1247 529 1318 Deus
557 1247 758 1339 sapientiam
785 1270 891 1322 snam.
908 1249 1092 1322 mandavit.

109 1349 177 1418 Pro
215 1341 292 1416 luce
322 1347 522 1441 evangelica
545 1345 580 1416 in
608 1346 650 1416 iis
681 1346 802 1416 tradita
834 1351 935 1437 atque
971 1348 1093 1420 solatio

111 1446 224 1518 divino
259 1446 403 1540 gratiam
436 1457 597 1538 quantam
624 1445 792 1534 potuerim
821 1444 1017 1536 habiturus,
1058 1449 1094 1517 in

112 1567 206 1618 sacra
234 1545 402 1636 scriptura
423 1544 696 1636 qualemcunque
717 1567 854 1635 operam
875 1569 1000 1616 navare
1021 1552 1094 1616 ani-

110 1665 202 1718 mum
237 1643 367 1711 induxi.
416 1641 496 1735 Qua
527 1641 700 1714 voluntate
736 1644 884 1714 Venetiis
918 1645 1095 1718 evolvendi

111 1741 246 1812 codices
262 1739 478 1810 Bibliothecae
501 1741 569 1811 divi
583 1741 695 1812 Marci
715 1741 937 1814 occasionem.
954 1757 1096 1833 nectua,

110 1841 256 1932 primum
269 1840 313 1919 ,in
336 1840 434 1909 Actis
466 1852 503 1909 et
537 1837 687 1930 epistolis
707 1840 829 1910 sudare
851 1840 970 1931 coepi,
1003 1843 1096 1934 quod
1143 1861 1148 1870 ·
1263 1891 1264 1898 1

110 1940 185 2022 eius
217 1939 328 2028 partis,
343 1939 515 2022 scripturae
536 1939 714 2029 pauciores
742 1938 817 2008 libri
847 1961 950 2008 manu
978 1941 1096 2032 scripti

111 2048 347 2126 superessent,
377 2058 561 2129 eorumque
586 2038 723 2127 insuper
753 2041 877 2128 magna
892 2060 989 2127 pars,
1019 2047 1095 2129 quae'

110 2135 271 2204 continue
310 2134 517 2206 conferenda
549 2148 640 2224 erat,
682 2134 791 2204 obiter
828 2136 982 2223 inspecta
1011 2135 1117 2210 liris-⁴

108 2245 173 2308 set
208 2232 258 2300 'ln
284 2232 553 2324 ,Evangeliorum
583 2230 757 2302 codicibus
785 2232 996 2304 excutiendis
1024 2257 1095 2305 non

108 2327 286 2419 voluntas,
315 2329 377 2400 sed
396 2328 545 2402 facultas
566 2327 649 2400 mibi
663 2329 794 2417 deluit,
830 2329 1022 2404 valetudine
1043 2333 1095 2404 in-
1209 2393 1212 2400 .

110 2442 282 2522 tercepto„
340 2429 488 2502 Seorsim
518 2443 631 2502 autern
657 2430 837 2500 Actorum·
859 2443 894 2500 et
937 2431 1094 2522 epistola-

110 2549 185 2612 rum
204 2539 323 2598 textus
345 2528 522 2600 commode
546 2527 707 2618 tresiani,
739 2529 805 2598 imo
831 2529 866 2597 in
887 2528 998 2602 lucem
1023 2529 1095 2602 dari

109 2649 211 2720 posse
245 2626 445 2718 videbatur,
482 2630 573 2720 quod
606 2627 749 2700 seorsim
784 2626 887 2696 etiam
915 2628 952 2698 in
978 2626 1096 2698 exem-

109 2724 260 2818 plaribus
275 2749 377 2796 mann
391 2728 540 2816 exaratis
557 2727 725 2798 conscribi
744 2725 868 2815 soleat,
893 2738 950 2796 aut
970 2726 1005 2796 in
1020 2727 1095 2818 qui-

101 2823 174 2906 bus
191 2847 319 2894 norum
334 2837 574 2914 testamentum
588 2849 656 2898 uno
673 2847 814 2915 corpore
837 2823 1095 2914 comprehendi·

1 2946 2 2967 ¹
110 2918 190 3012 tur,
210 2944 251 2992 ea
265 2924 457 3014 posteriore
472 2937 570 3014 parte
584 2924 677 2994 baud
696 2945 775 2994 raro
789 2920 938 2994 indolem
952 2924 1092 2994 varient
1161 3003 1166 3010 ⁴
1263 2953 1264 2960 ¹

109 3020 228 3090 Meam
246 3021 413 3092 rationem
428 3022 583 3094 criticam
603 3043 767 3114 measque
783 3021 1092 3100 animadversiones

110 3117 261 3190 virorum
290 3117 470 3192 doctorum
497 3121 625 3203 judicio
654 3120 808 3192 modeste
841 3121 1023 3209 submitto,
1055 3134 1095 3191 ut

111 3237 230 3286 eorum
271 3219 455 3290 sententias
497 3218 691 3310 explorem,
741 3243 783 3290 au
822 3241 945 3290 oensor
970 3242 1094 3292 novam

114 3311 546 3388 editionem.adornaturus
575 3316 664 3388 hanc
690 3318 903 3407 potissimum
930 3317 1020 3390 viam
1040 3319 1094 3388 in·
1205 3333 1207 3337 ’

111 3413 285 3498 gradiatur
314 3428 349 3484 et
376 3415 509 3506 singula
541 3415 618 3486 loca
652 3413 754 3486 dubia
781 3437 827 3489 ex
855 3437 931 3486 mea
957 3431 1095 3490 senten·

40 3523 43 3532 ·
112 3511 159 3580 tia
193 3511 352 3582 emendet
374 3525 537 3606 oporteat
594 3512 677 3583 Ideo
711 3513 860 3608 siquid
894 3515 998 3605 certi,
1019 3538 1093 3585 mo-

111 3609 234 3679 mentis
280 3631 395 3680 rerum
439 3612 526 3682 bene
561 3611 756 3703 perpensis,
805 3611 957 3703 affirmari
992 3635 1095 3703 posse

110 3707 246 3796 putavi,
269 3708 305 3777 in
327 3709 563 3781 contendendo
586 3710 699 3781 audax
720 3707 964 3802 quam-dubius
985 3710 1093 3782 videri

111 3801 289 3877 malebam.
339 3805 424 3900 Quae
457 3807 549 3878 enim
577 3807 741 3882 lectiones
773 3831 792 3879 e
820 3809 966 3900 plurima
998 3824 1092 3899 parte

111 3903 378 3994 probabiliores,
400 3926 459 3975 eae
472 3928 552 3976 vere
574 3919 608 3976 et
624 3920 744 3998 ,aperte
762 3908 910 3998 potiores
929 3907 1091 3980 habendae

111 4014 210 4091 sunt,
229 4021 342 4096 oeque
352 4013 487 4088 ‚tantane
500 4002 535 4076 in
550 4017 648 4088 notas
672 4005 714 4080 ab
729 4005 858 4078 editore
872 4005 1089 4170 pmaudaudae
