2442 4528
71 327 158 378 crem
175 327 211 375 x.
967 307 1029 374 181

70 455 161 546 quiin
175 477 284 548 marg
297 452 419 543 habet,
439 452 501 523 sed
519 452 677 526 omittens
699 453 751 526 ael
765 453 819 528 mir
836 457 912 527 trra
929 461 1029 528 nsu-

66 556 156 626 onim
188 554 653 636 v.1tmemeo109c.f.
674 553 734 626 tat
768 555 1029 628 &walton

65 649 139 722 al’
120 653 253 726 adram
272 660 343 728 109.
372 676 405 729 ν
422 655 507 722 15’
482 655 597 752 1191111,
614 660 673 724 riis
690 655 956 776 rdayyrardoplrav
974 653 1031 726 ab·

65 753 160 821 estob
180 751 366 826 homoectcl.
389 752 431 822 ab
454 759 524 826 109
561 774 595 825 ν
612 759 651 826 19
676 749 722 842 at
748 753 788 823 ἐκ
812 743 887 843 ipra
907 754 1029 851 Ἰσςιιίλ
1077 807 1080 820 .

64 870 161 920 omnes
177 850 262 921 ccl.
278 874 326 924 or
349 855 555 944 preter106,
576 875 634 944 qur
625 850 767 922 'thabct
788 847 843 944 pri,
860 851 880 920 d
897 852 1027 936 arrhae

62 946 171 1048 'lepesin
141 947 266 1021 and
295 950 530 1022 antecedentia
558 951 664 1020 refert
657 952 807 1078 πςὸἳος
830 958 902 1024 109.
936 973 970 1027 ν.
985 953 1026 1022 at

60 1050 195 1126 doml'lm
210 1048 287 1153 argob
303 1083 334 1124 re
349 1048 406 1130 cde
422 1048 527 1151 χιῒμίς
542 1080 589 1140 μυ
604 1081 679 1151 προς
698 1061 768 1127 109.

59 1253 194 1326 modeste
224 1269 338 1328 tamen
370 1255 607 1328 addubitandi:
638 1253 802 1349 nunquid
826 1255 910 1332 <scu
938 1274 1026 1322 num

52 1353 154 1438 storto)
173 1349 260 1445 noir,
281 1356 459 1446 scripsisse
480 1355 648 1425 videntur.
691 1354 787 1423 Idem
808 1347 963 1422 valet
918 1381 962 1442 μη
988 1351 1027 1424 ἐκ

60 1465 208 1522 commate
230 1454 453 1524 antecedente
474 1461 532 1543 18,
553 1455 610 1524 ubi
631 1452 824 1523 affirmative
844 1449 1026 1539 responde·

57 1560 114 1618 tur:
137 1551 169 1620 in
196 1566 318 1624 nostro
348 1555 550 1646 interpretes
576 1553 702 1646 pariter
724 1549 1025 1642 interrogationem

56 1649 267 1722 affirmativam
284 1653 432 1742 reperire
448 1651 610 1742 solent,
601 1666 648 1722 ita
662 1651 891 1742 explicantes:
911 1669 1024 1716 nonne

55 1745 144 1818 Israel
159 1751 341 1843 cognovit,
359 1775 380 1821 a
395 1773 432 1822 se
448 1751 490 1821 ad
505 1751 650 1845 gentiles
667 1750 857 1820 doctrinam
872 1746 914 1816 de
928 1748 1025 1817 Mes-

54 1847 94 1916 sia
113 1851 301 1921 traductum
323 1852 389 1927 iri?
411 1851 500 1920 Tum
516 1850 668 1920 ordinem
683 1839 866 1919 verborum
881 1870 901 1916 a
916 1845 957 1914 cl.
975 1868 1024 1914 or.

54 1945 221 2020 exhibitam
246 1947 459 2040 praetulerim.
504 1953 552 2018 At
575 1971 653 2017 oum
677 1960 846 2016 commata
869 1956 907 2016 18
923 1957 957 2015 et
973 1955 1025 2038 19,

53 2037 247 2134 quaiisdem
269 2049 399 2148 verbis:
424 2047 512 2119 dead
536 2055 615 2135 alyn
642 2047 825 2135 inchoant,
854 2068 933 2115 cum
955 2045 1026 2115 illic

52 2144 134 2218 dodon
161 2161 195 2218 et
222 2146 281 2216 lric
309 2151 457 2234 statmo
479 2148 544 2218 sibi
565 2145 810 2237 respondeant,
841 2157 1025 2235 utrumque

52 2257 149 2314 autem
172 2248 215 2317 ad
244 2247 398 2337 superius
420 2270 553 2316 comma
575 2249 615 2316 16
637 2269 675 2320 se
697 2244 837 2333 referat,
868 2243 1026 2356 equidem

50 2339 78 2408 in
96 2341 143 2416 bis
164 2345 301 2416 duobus
325 2346 611 2436 propositionibus
633 2342 801 2435 duplicem
821 2340 1005 2412 modum
974 2365 1024 2410 vr·

51 2437 104 2508 deo
124 2444 335 2535 exponendi,
357 2467 419 2514 cur
438 2467 508 2512 nou
525 2466 643 2514 omnes
659 2442 820 2513 obediant
836 2438 1024 2532 evangelio,

49 2542 197 2625 primum:
217 2544 372 2633 nunquid
386 2567 453 2612 non
471 2543 506 2612 id
521 2542 743 2616 audiverunt?
766 2541 833 2609 imo
848 2560 950 2630 vcro,
966 2535 1025 2607 dc·

49 2635 114 2708 inde
123 2666 137 2720 ε,
158 2664 201 2711 an
224 2640 333 2712 lsrael
356 2642 391 2712 id
418 2641 558 2733 (supple
580 2638 617 2713 ro*
638 2643 812 2728 ‘deviam
835 2661 879 2706 ex
903 2659 934 2705 v.
959 2635 1023 2717 16)

47 2760 105 2808 nou
131 2741 313 2836 cognovit,
340 2740 362 2810 i.
385 2764 415 2816 e.
447 2753 560 2810 mente
589 2751 631 2808 et.
650 2738 717 2807 fide
747 2749 926 2808 assecutus
949 2741 1051 2830 esti,

49 2833 116 2906 Non
137 2841 344 2931 cognovisse
369 2862 429 2910 eos
447 2852 482 2908 et
503 2839 545 2908 ab
569 2838 711 2908 ethnicis
733 2841 768 2906 in
784 2833 1024 2928 cognoscendo
1055 2897 1057 2908 ,

47 2956 118 3006 vero
141 2951 323 3029 superatos
347 2961 441 3027 esse,
469 2960 488 3006 e
510 2937 750 3027 prophetarum
774 2933 942 3004 vaticiniis
965 2932 1025 3002 de·

45 3050 222 3148 msnstrat,
245 3061 288 3106 ne
310 3037 511 3108 insolentior
532 3036 704 3122 videatur,
729 3034 758 3104 si
779 3035 852 3149 ipse
875 3057 939 3104 suo
961 3056 1025 3102 no·

44 3136 122 3204 mine
141 3137 336 3208 asseruerit.
376 3137 487 3229 Quam
504 3161 582 3206 cum
596 3136 908 3262 interpretationem
923 3132 1022 3202 unice

45 3222 215 3304 contextui
236 3236 417 3304 convenire
441 3236 603 3324 arbitrer,
625 3235 752 3305 rectius
774 3236 819 3324 pl
840 3256 942 3304 sensu
964 3223 1025 3300 ne·'

41 3333 146 3418 gativo
171 3333 376 3424 accipietur,
399 3337 475 3404 et’
455 3365 495 3406 aa
516 3335 559 3412 ad
580 3337 740 3420 verbum,
762 3357 832 3400 non
854 3331 927 3401 ad'
920 3343 1024 3399 mter·

42 3431 246 3522 rogationem
261 3435 442 3524 referetur,
462 3457 566 3524 quare
578 3427 762 3502 editionem
778 3427 1025 3500 occidentalem

43 3547 99 3618 ego
120 3553 199 3600 cum
218 3532 380 3619 Kustero,
405 3533 514 3602 Millio
537 3545 571 3602 et
587 3532 719 3604 Griesb.
738 3531 856 3620 probo,
879 3529 1024 3597 classem

42 3627 250 3714 orientalem,
269 3655 369 3722 quam
387 3633 544 3722 vulgares
560 3629 636 3698 libri
649 3629 804 3719 impressi
820 3639 1024 3717 sequuntur,

45 3745 130 3795 exv.
148 3740 187 3799 18
207 3729 440 3822 aberrantibus
459 3729 564 3798 oculis
581 3727 731 3796 ordinem
749 3722 955 3796 adulterasse
970 3747 1026 3792 ra·

41 3832 99 3893 tus
134 3827 239 3938 Quod
261 3811 303 3898 ad
327 3816 504 3896 rationem
515 3825 770 3920 grammaticam
793 3847 896 3914 supra
916 3844 1024 3912 expo·

41 3919 132 3992 sitam
166 3925 312 4012 attinet,
350 3927 510 3997 observes
543 3925 664 4013 velim,
698 3924 889 3994 Johannem
916 3925 956 4009 1,
983 3928 1023 3994 29

39 4019 122 4113 alta,
151 4045 181 4093 c.
207 4032 245 4114 9,
267 4025 310 4098 27
331 4027 375 4123 pol
401 4046 504 4102 sensu
526 4021 701 4101 dubitandi
721 4042 901 4114 usurpare,
927 4039 1023 4092 more
