2480 4528
983 319 1047 384 282

59 489 153 555 esse,
174 465 298 558 quibus
319 465 515 555 deliniatur,
535 487 612 558 ‘quo
633 480 692 538 aut
712 471 863 559 ternpore
885 478 945 541 aur
966 466 1044 540 loco

56 569 159 638 lesus
189 567 400 656 apparuerim
428 565 462 634 id
485 565 569 636 satis
594 585 766 658 superque
787 588 807 637 e
827 576 897 644 v.8
918 565 1049 650 collato

56 689 136 738 cum
154 674 305 742 ‚n10ct
325 687 345 738 e
365 664 537 758 particulis
559 663 612 736 καὶ
628 666 679 738 tttt
695 677 802 760 patet.

454 858 651 879 m

312 1192 416 1277 Ad
476 1191 791 1278 MARCI

449 1357 586 1448 Caput
614 1357 642 1426 Ι.

109 1493 144 1538 v.
158 1478 189 1540 2.
216 1473 422 1565 Ambigitur,
436 1488 550 1549 utrum
566 1476 784 1566 Evangelista
797 1477 870 1566 ipse
885 1474 952 1546 duo
966 1475 1055 1546 loca·

47 1591 161 1640 unum
188 1593 207 1638 e
234 1571 407 1642 Malachia
438 1573 581 1644 alterum
614 1598 659 1644 ex
687 1576 801 1646 lesaia
828 1575 1044 1665 prolaturus,

44 1669 304 1760 Matthaeus,
320 1681 341 1742 3
363 1687 490 1745 temere
512 1687 650 1746 secutus
672 1673 824 1760 armata
843 1679 890 1762 τῷ
908 1672 1047 1774 wpopllp

46 1770 233 1858 scripserit
256 1775 313 1854 (ut
334 1785 386 1842 est
405 1772 442 1842 in
464 1772 633 1861 cloec),
656 1786 691 1842 et
712 1797 732 1842 a
753 1774 952 1844 censoribus
976 1775 1044 1842 ori·
1086 1823 1088 1828 -

44 1868 158 1938 ental.
180 1870 228 1941 ita
250 1869 445 1942 emendatus
468 1872 529 1942 sit:
555 1877 660 1950 ἰντοῒς
674 1872 855 1971 nespilae,
876 1895 919 1942 an
941 1871 1044 1942 libra-

40 1968 93 2036 rii
117 1967 227 2036 occid.
253 1989 271 2036 e
291 1967 312 2044 Ι.
327 1991 359 2058 p.
376 1969 501 2046 Matth.
522 1971 622 2040 istam
641 1968 887 2039 correctionem
901 1969 1043 2038 invexe-

40 2067 131 2135 rint
167 2067 321 2138 Priorem
340 2069 506 2141 rationcm
529 2069 682 2156 Grion,
704 2067 847 2138 Vatcrus
871 2078 905 2136 et
924 2066 1045 2138 Schol-

41 2168 128 2236 zius
159 2168 399 2256 probaverunt.
449 2167 514 2238 Sed
544 2166 632 2237 scire
660 2165 780 2254 velim,
809 2188 890 2240 num
919 2165 1046 2250 Marco!

38 2264 244 2334 librariisnc
272 2265 396 2344 servile
428 2265 599 2358 ingenium
627 2265 661 2332 in
690 2262 851 2332 imitando
878 2261 1043 2346 Matthaeo

38 2362 202 2434 adscribi
231 2375 395 2452 oporteat.
438 2365 507 2436 Cur
537 2361 662 2432 librarii
684 2383 820 2432 sacrum
841 2361 1047 2451 scriptorem

38 2461 275 2550 emendasse,
297 2484 365 2530 aon
381 2461 589 2532 adulterasse
603 2469 788 2551 putantur?
814 2459 961 2559 Proinde
976 2481 1043 2552 ego

31 2561 166 2630 Marci
191 2583 329 2633 manum
351 2563 386 2628 in
407 2559 552 2632 lectione
575 2566 680 2640 ἐντοῖς
695 2560 857 2659 npoollarc
879 2581 1044 2650 agnosco,
1154 2553 1157 2562 ’

30 2682 124 2747 quae
152 2658 186 2728 in
216 2657 292 2731 cdd.
315 2658 358 2732 ol.
381 2681 434 2730 or.⁴
458 2671 492 2728 et
518 2658 594 2734 intt.
621 2681 691 2726 non
718 2657 820 2728 modo
851 2655 950 2726 Slavo
979 2655 1061 2743 sed

29 2757 154 2828 ctiam
169 2756 274 2830 Aeth.
295 2769 328 2826 ct
342 2758 455 2842 Arabe
477 2756 579 2832 anst
601 2755 745 2829 addictis
767 2767 947 2830 exstat-
968 2755 1043 2826 Ex·

26 2872 163 2926 tremo
185 2867 352 2924 commate
371 2856 405 2924 in
428 2856 515 2930 cd.1
541 2856 651 2943 reperi
673 2858 776 2926 verba
796 2845 972 2952 ἔμπροσθέν
991 2883 1044 2928 cc·

112 2977 148 3026 v.
167 2964 216 3024 10.
246 2962 276 3024 ia
290 2977 351 3042 pro
365 2956 431 3024 α’πό
442 2975 568 3044 repone
583 2953 771 3023 secundum
787 2952 828 3021 cl.
841 2975 913 3022 ccc.
931 2965 966 3022 et
980 2953 1041 3020 int.

23 3051 160 3123 Goth.
194 3049 245 3122 Gi.
268 3075 316 3118 or.
338 3053 401 3122 ἀπό
420 3065 454 3120 et
475 3075 557 3120 mox
578 3053 644 3122 ant
659 3075 720 3142 pro
738 3053 775 3128 ὥς
796 3048 849 3118 el.
867 3073 900 3140 p.
915 3050 1042 3124 Matth.

17 3163 80 3242 3,
109 3151 151 3218 16
181 3150 355 3222 desumsit.
396 3151 524 3220 Eadem
545 3174 577 3225 v.
595 3158 632 3218 11
654 3150 732 3218 ideo
757 3148 949 3238 suspectior
964 3153 1041 3236 ,cst,'

16 3247 59 3342 ᾧ
88 3251 178 3320 itern
200 3271 245 3317 ex
265 3247 388 3318 Matth.
402 3255 434 3337 3,
451 3253 490 3320 17
512 3248 689 3334 hausisse,
712 3271 814 3338 quam
836 3246 877 3316 cl.
901 3269 974 3322 occ.
994 3250 1045 3320 σοι’

12 3375 44 3420 e
82 3347 176 3420 Luc.
188 3353 224 3433 ’3,
238 3353 287 3415 22.
332 3348 446 3440 Quare
467 3347 558 3442 lego:
588 3357 614 3418 tr
631 3345 850 3428 soleditates,
870 3360 1041 3417 annuente

11 3444 224 3520 Sohulzic.
311 3489 314 3500 ψ

94 3567 144 3628 r.
161 3545 214 3612 16.
244 3542 408 3634 Vulgarcs
429 3543 505 3613 libri
518 3543 674 3634 impressi
689 3542 776 3611 male
793 3543 848 3619 el.
863 3568 897 3634 p.
912 3543 1039 3620 Matth.

12 3689 58 3737 ι,
87 3651 136 3714 18
166 3644 330 3742 mpmalttr
355 3648 391 3712 dl
420 3656 454 3712 ct
475 3666 558 3711 mox
580 3644 659 3720 erili}
683 3641 846 3726 morlog
867 3641 1041 3712 exhibent.

58 3738 310 3812 mendaudum
331 3739 383 3814 καὶ
398 3742 561 3840 παράγων,
583 3751 617 3808 el
636 3762 719 3807 mox
739 3743 782 3811 'rit‘
796 3742 924 3830 Σίμωνος
939 3743 1041 3830 ἐμφι-

5 3837 221 3918 emoriar·
257 3837 306 3910 el.
325 3861 374 3906 or.
395 3861 489 3908 more
511 3861 575 3908 suo
597 3838 776 3918 conjunxit
796 3852 973 3930 utramque
989 3839 1039 3908 le-

35 3942 197 4012 tionem
218 3936 279 4008 ita:
304 3938 384 4011 acts
403 3941 445 4007 cri
460 3953 512 4018 Σ.,
539 3935 631 4028 quod
653 3935 832 4008 Scholzius
853 3936 964 4007 studio
986 3952 1039 4008 ta-

12 4046 129 4116 ium
151 4035 437 4104 documentorum
458 4035 623 4126 deceptus
637 4034 778 4126 recepit.
812 4032 937 4105 Itidem
950 4042 1039 4110 u.19
