2532 4528
1057 341 1105 442 ar·

130 504 137 551 ='
180 502 300 572 codex
323 509 412 591 100,
444 501 619 594 quondam
651 492 837 571 cardinalis
870 495 1104 588 bessarionis,

114 621 204 694 nuno
226 598 438 670 Bibliothecae
461 603 499 670 D.
517 599 631 670 Marci
652 598 696 667 N.
720 600 767 671 X.
782 599 817 668 in
840 601 1106 685 011100ιὶ11161-

115 719 213 788 oeus,
235 699 389 769 foliorum
415 699 543 786 eulx,
564 697 670 770 seculi
689 699 784 769 xlv,
808 719 871 768 seu
892 697 971 768 XV.
988 695 1105 782 judice

114 794 283 866 Morellio.
328 799 487 867 continet
519 801 608 866 Acta
639 808 673 866 et
710 793 870 888 epistolas
891 795 1104 886 catholicas,

116 891 274 985 epistolas
301 895 415 987 Pauli,
447 917 532 988 quas
577 896 830 986 subsequuntur
856 887 1055 988 Evangelia
1071 907 1107 968 ct

114 994 351 1085 Apocalypsis.
393 997 477 1064 Post
507 998 596 1064 Acta
622 991 776 1074 scholion
799 991 841 1062 de
868 994 1045 1063 itineribus
1071 1007 1106 1063 et

115 1105 223 1162 morte
237 1093 332 1162 Pauli
348 1097 393 1162 ex'
410 1093 557 1162 Euthalii
572 1091 719 1185 Prologo
735 1092 768 1161 in
786 1113 837 1184 ep.
857 1091 951 1161 Pauli
967 1093 1105 1162 desum.

116 1201 186 1260 tum
214 1205 349 1278 exstat,
385 1198 482 1274 cujus
498 1191 650 1260 initium:
672 1196 773 1292 Μέχρι
795 1195 851 1280 μὶν
871 1188 943 1269 ralla
965 1181 1105 1272 needed

114 1296 291 1381 walderus
307 1290 415 1366 nev'ns
430 1325 460 1366 κ.
481 1325 514 1366 τ.
532 1311 563 1364 λ.
607 1289 741 1379 Corpus
756 1288 933 1358 Paulinum
947 1285 1106 1380 procedit

114 1410 193 1478 pars
218 1389 354 1484 Prologi
377 1389 634 1478 Chrysostoml,
661 1389 758 1470 cuijus
775 1387 937 1458 initiunt·
953 1390 1107 1468 Mlbtar'hc

114 1491 152 1564 eit
164 1485 219 1561 eh
232 1484 377 1571 iaromir
397 1493 530 1562 territos
543 1483 650 1566 racina
664 1517 694 1557 tt.
709 1518 742 1559 τ.
757 1506 792 1558 λ.
815 1485 817 1490 Χ
835 1485 875 1555 ln
895 1485 1028 1575 epistol·
1048 1487 1107 1555 00·

116 1581 198 1659 thol.
215 1597 251 1656 et
272 1585 368 1655 Pauli
385 1586 521 1678 Prologi
547 1581 739 1654 Euthaliaui
756 1581 891 1653 adsunt.
1045 1589 1048 1594 ’

177 1683 253 1755 Jac.
272 1684 410 1754 Mcrelli
437 1686 471 1754 in
491 1683 701 1753 Bibliotheca
733 1681 802 1752 Me.
820 1703 926 1775 greca
944 1693 977 1752 et
1001 1681 1106 1754 latina

116 1781 290 1868 (Bassani
309 1791 413 1870 1800)
434 1807 466 1876 p.
489 1795 509 1853 8
527 1783 664 1853 codices
683 1779 767 1850 duos
784 1781 1021 1852 antecedentes
1038 1777 1107 1853 ter-

116 1882 156 1952 tii
173 1884 369 1976 apographa
388 1905 465 1954 esse
484 1881 634 1969 censuit,
651 1877 752 1970 idque
767 1877 937 1949 Birchium
955 1878 1104 1956 latuisse.

115 1980 228 2052 Facile
250 1984 286 2051 in
309 1981 501 2075 Evangeliis
527 1978 661 2072 quidem
684 1977 933 2067 concedamus,
956 1977 1043 2049 duos
1063 1979 1105 2048 ab

118 2101 188 2148 unc
218 2082 412 2160 exscriptos
436 2080 564 2166 fuisse,
594 2075 687 2169 quod
711 2077 746 2146 in
773 2075 982 2167 Apocalypsi
1017 2079 1105 2147 ultro

116 2178 348 2261 affirmamus;
373 2177 434 2250 sed
456 2175 719 2246 contrafactum
739 2195 814 2246 esse
835 2175 984 2264 videtur,
1009 2176 1108 2245 itaut

113 2274 273 2347 librarius
290 2275 419 2346 codicis
434 2283 492 2344 108
504 2273 688 2366 Evangelia
704 2285 739 2344 et
753 2273 982 2366 Apocalypsin
997 2277 1107 2346 ex106

116 2374 347 2465 descripserit.
390 2373 546 2466 Namque
584 2394 629 2442 ex
659 2372 796 2462 ordine,
828 2396 895 2465 quo
928 2373 963 2442 in
989 2370 1108 2442 codice

119 2481 180 2542 100
203 2473 281 2543 libri
309 2471 398 2544 sacri
427 2493 504 2544 sese
535 2472 726 2563 excipiunt,
765 2485 878 2565 patet,
899 2471 1107 2562 cumprime

118 2583 251 2642 tautum
270 2595 394 2663 corpus
416 2574 587 2642 Actorum
605 2585 639 2642 et
656 2572 874 2663 epistolarum
891 2569 1108 2662 complexum

115 2671 242 2760 fluisse,
264 2672 319 2740 cui
342 2685 420 2763 post
438 2671 623 2764 Evangelia
641 2686 676 2741 et
703 2672 927 2764 Apocalypsis
946 2669 1108 2758 adjuncta

117 2783 248 2841 essent.
292 2769 345 2840 Ita
360 2771 394 2838 in
412 2769 528 2840 codice
543 2771 725 2840 Basileensi
740 2771 828 2860 apud
847 2771 1108 2843 Griesbachiunr

113 2893 154 2939 n.
177 2876 194 2939 1
218 2881 339 2938 uctato
359 2868 543 2961 Evangelia
558 2881 634 2959 post
650 2873 738 2939 Aeta
754 2884 789 2938 et
804 2868 962 2960 epistolas
975 2891 1109 2961 pouun·

115 2979 195 3057 tur3
224 2968 286 3038 sed
312 2967 571 3053 Evangeliorutu
592 2967 693 3037 editio
717 2992 737 3038 a
756 2967 891 3059 relique
911 2982 1027 3038 tenore
1049 2967 1109 3038 ad-

26 3118 32 3124 -
113 3065 261 3138 modum
288 3065 424 3136 diversa
447 3067 530 3137 satis
560 3066 682 3156 docet,
714 3067 900 3160 Evangelia
922 3070 1109 3157 posteriore

113 3180 274 3258 ternpore
291 3188 336 3234 ex
351 3165 415 3236 alio
437 3167 621 3257 exemplari
634 3164 804 3249 adscripta
817 3161 903 3235 esse.
927 3167 1001 3248 (Cf.
1018 3165 1110 3259 Hug.

113 3266 303 3338 introduct.
318 3266 352 3334 iu
368 3264 412 3334 N.
434 3265 475 3333 t.
499 3264 574 3332 Vol.
596 3264 626 3335 Ι.
645 3287 675 3355 p.
696 3266 788 3352 eet.)
829 3263 955 3334 Deinde
986 3263 1109 3333 librum
1151 3261 1154 3267 ’
1193 3294 1196 3305 ›
1236 3261 1261 3288 ·’

120 3373 185 3436 100
210 3366 252 3434 ab
284 3365 345 3434 106
372 3366 606 3456 potiusquam
633 3376 751 3432 contra
772 3362 938 3455 pendere,
958 3363 1037 3433 inde
1057 3362 1110 3431 in·

115 3461 303 3554 telligitur,
331 3461 422 3552 quod
446 3461 521 3551 ille,
556 3475 594 3531 ut
613 3485 691 3530 mox
707 3461 990 3553 morrstrabimuS,
1017 3461 1110 3534 huuc

118 3561 205 3633 alias
217 3563 254 3630 in
269 3584 369 3631 suurn
380 3585 479 3631 usum
493 3563 676 3649 convertit,
687 3564 783 3646 eujus
794 3561 957 3632 lectiones
969 3562 1011 3632 ad
1026 3584 1112 3632 mar-

115 3663 234 3753 ginem
262 3659 404 3730 notavit.
447 3661 534 3729 Tum
547 3659 581 3728 in
595 3659 803 3752 Apocalypsi
815 3673 907 3730 certe
921 3661 1030 3732 codex
1049 3663 1111 3734 108

117 3759 309 3830 secundam
329 3781 465 3827 ananum
487 3779 555 3828 sec.
572 3760 649 3827 XV.
669 3757 760 3828 haud
776 3760 875 3831 dubie
897 3762 1026 3853 prodit,
1047 3763 1112 3835 ibi-

120 3879 188 3948 que
212 3856 377 3928 defioiunt
397 3856 497 3928 variae
520 3855 702 3947 lectiones,
721 3881 791 3950 quae
814 3859 848 3928 iu
865 3861 964 3933 Actis
989 3875 1023 3932 et
1040 3865 1111 3956 epi·

118 3955 218 4042 stolis
248 3978 295 4026 ex
325 3957 385 4026 106
402 3968 568 4046 excerptae
582 3969 672 4028 sunt
712 3957 924 4048 Repetuntur
943 3973 1056 4034 autent
1077 3976 1101 4032 ε·

116 4054 155 4140 iu
169 4062 354 4126 resanata
368 4051 538 4126 scribendi
552 4053 585 4124 iu
600 4053 808 4147 Apocalypsi
821 4056 897 4130 libri
914 4063 975 4132 106
992 4062 1069 4134 obvi
