2480 4528
84 379 176 428 carre
192 363 263 427 xrr.
993 351 1053 418 662

137 531 162 576 r.
176 515 225 576 22.
258 500 533 587 1161112ᾰί62,
562 527 634 596 quae
655 527 675 572 a
696 523 746 572 ao
770 501 847 578 odd.
863 503 912 572 ‘lt
937 501 1051 574 Sabid,
1143 521 1145 532 ’

83 610 209 706 absunt,
231 618 266 674 et
289 605 366 674 alibi
387 619 464 695 post
483 597 568 704 siplae
586 615 872 694 transponuntur,
895 596 1053 693 suspecta¹

81 719 163 776 suut:
185 717 341 792 poterant
357 725 374 772 e
389 704 410 772 l.
426 729 458 793 p.
475 701 598 778 Matth.
607 705 660 790 26,
674 705 714 772 26
730 703 851 789 inseri,
865 701 955 770 unde
971 725 1052 792 quo-

82 827 141 893 que
159 805 209 873 ael
223 815 302 871 ante¹
317 803 478 891 εὐλογίαις
494 818 528 872 el
544 806 646 893 pcipr‘lr
663 815 741 893 post
758 803 858 884 λέβῑἹε
877 803 914 871 ln-
935 803 1054 870 vele1·l·'

82 906 136 972 bus
149 902 238 971 libris
254 901 448 975 addebatur.
481 903 638 971 Similiter
659 925 692 977 v.
706 910 748 971 23
768 904 806 974 τό
819 900 983 971 Matthaeo
1000 902 1052 992 26,
1130 975 1134 988 ἡ

77 1006 115 1072 27
134 1001 288 1084 debetur3
310 1003 465 1084 ejiciatur
483 1002 669 1072 secundum
692 1001 734 1073 cl.
756 1023 827 1070 occ.
870 1003 938 1070 Per
958 1023 1052 1068 com-

79 1102 301 1191 pensationem
326 1101 457 1170 articuli
480 1102 580 1170 etiam
601 1097 724 1168 Matth.
741 1102 793 1188 26,
808 1100 850 1168 26
871 1111 950 1168 ante
966 1089 1051 1198 ἔρον

80 1213 112 1268 et
131 1223 160 1273 v.
174 1203 211 1270 27
236 1213 312 1269 ante
341 1200 474 1302 velletor
501 1199 535 1268 iu
557 1198 651 1268 libris
673 1219 774 1268 manu
796 1197 931 1288 scriptis
953 1200 1052 1266 omit·

80 1301 239 1372 tebantur.
381 1337 384 1348 ·

134 1416 163 1464 v.
178 1400 229 1468 27.
259 1395 373 1489 Quum
395 1397 429 1466 iu
451 1396 527 1471 cdd.
548 1421 602 1490 gr.
624 1403 673 1473 13,
696 1403 746 1468 28.
770 1398 829 1468 157
855 1389 933 1470 add.
954 1393 998 1466 It.
1020 1406 1054 1464 et

77 1494 218 1564 Victoria
236 1497 425 1569 Comment.
447 1496 480 1564 in
498 1497 607 1565 Maro.
631 1495 733 1563 verba
755 1500 836 1586 ἰντῇ
853 1490 930 1570 medi
945 1492 1052 1584 wally,

75 1593 109 1668 in
131 1592 199 1664 aliis
222 1601 249 1666 ἐν
267 1599 347 1684 ἐμοί,
368 1596 402 1662 in
424 1593 468 1662 ol.
490 1604 727 1681 occultaque
749 1590 998 1681 desiderentur,
1017 1592 1052 1659 in

73 1691 116 1759 cl.
133 1715 179 1760 or.
200 1705 345 1784 utraque
366 1704 521 1781 exstent,
537 1691 609 1773 jam
630 1690 706 1760 ideo
723 1689 894 1779 probabile
910 1704 981 1779 est,
1004 1690 1053 1760 al-

74 1803 177 1858 teram
198 1803 328 1880 partem
352 1791 565 1860 extrinsecus
586 1801 754 1874 assutam,
775 1787 829 1858 vel
844 1789 983 1858 alteram
998 1790 1052 1858 vel

70 1901 249 1977 utramque
279 1888 478 1978 propulisse.
520 1885 697 1959 Inserendi
723 1885 939 1956 occasionem
960 1887 1052 1961 dedit

67 1987 141 2074 tp.
160 1985 283 2056 Matth.
298 1991 350 2077 26,
364 1996 423 2076 31,
445 1986 534 2056 unde
556 1998 719 2076 praterea
739 1997 816 2074 post
834 1983 973 2084 vepo‘ssa‘la
993 1987 1054 2056 ad-

69 2086 213 2160 debatur
231 2089 282 2165 *ric
302 2088 438 2175 ποίμνης.
478 2085 589 2154 Habet
609 2082 732 2157 Matth.
753 2090 779 2160 tr
797 2084 863 2173 ipati
879 2093 904 2154 ἓν
920 2088 960 2176 τῇ
975 2086 1053 2160 rutili

68 2186 176 2278 vailly.
205 2185 398 2254 Posteriora
412 2185 517 2252 verba
530 2192 555 2252 ἐν
571 2215 604 2254 τ.
613 2212 639 2252 ν.
648 2216 680 2252 τ.
707 2183 829 2253 Marco
845 2182 1052 2254 detrahenda
1090 2229 1093 2234 -

66 2304 216 2370 censeo,
238 2282 295 2371 qui
315 2283 483 2372 prioribus
505 2291 531 2354 ἐν
548 2283 616 2371 ἐμοί
633 2281 744 2349 minus
767 2302 884 2350 carere
905 2295 1031 2371 potest.
1138 2301 1141 2310 ’

138 2419 172 2466 ν.
193 2400 246 2470 lo.
279 2397 544 2496 mloessagura'puoa
569 2395 682 2485 plures
710 2394 786 2463 odd.
806 2408 870 2466 utr.
893 2394 934 2464 ol.
959 2408 1052 2464 recto

62 2496 209 2568 habena
243 2495 360 2568 (lodo
379 2497 468 2563 viam
488 2494 631 2581 indicat,
654 2515 721 2582 qua
743 2491 796 2561 el.
811 2516 844 2581 p.
859 2491 982 2562 Matth.
998 2495 1053 2582 26,

61 2602 107 2661 ua
136 2591 240 2661 lectio
275 2593 574 2682 corrumpebatur:
596 2591 709 2660 babet
741 2591 1050 2690 xclassrpapvm‘puu.

61 2691 206 2780 Nempe
234 2712 337 2781 supra
363 2691 485 2760 lineam
514 2691 676 2780 scripturn
703 2689 895 2770 inveniebat
915 2692 993 2773 ejus
1012 2688 1053 2757 li,

56 2791 201 2888 brarius
224 2801 257 2873 βε
278 2803 312 2859 et
325 2813 414 2872 mox
436 2816 464 2860 n:
486 2791 767 2880 prioremnotam
785 2789 972 2879 inserebat,
994 2810 1050 2858 oe-

59 2889 231 2979 teroquin
253 2889 390 2978 antiqua
412 2889 577 2976 scriptura
599 2886 725 2956 relicta.
791 2905 794 2912 '

127 3009 164 3062 v.
181 2989 233 3056 43.
264 2989 357 3064 πολύς
380 3009 398 3054 e
419 2985 440 3056 l.
462 3010 494 3076 p.
515 2986 637 3056 Matth.
653 2987 761 3075 26,17
780 2987 961 3074 insertum,
990 3007 1055 3056 ex·

54 3097 241 3178 pungatur
261 3098 400 3154 auctore
421 3085 442 3153 f.
464 3083 526 3154 afr.
580 3087 587 3095 ’

129 3205 166 3254 v.
183 3188 233 3252 51.
266 3185 294 3251 oi
317 3184 455 3254 νεανίσκοι
485 3203 503 3250 e
524 3181 653 3251 scholio
679 3180 830 3252 additum
851 3192 885 3248 et
905 3179 939 3248 in
960 3179 1053 3250 libris

51 3283 244 3384 veteribus
272 3295 349 3350 ante
378 3285 512 3381 agalien
539 3280 796 3370 transpositum,
823 3277 1053 3368 proscribatur

50 3379 262 3474 secundum
284 3379 327 3452 ol.
349 3403 421 3451 occ.
445 3393 479 3448 et
499 3378 678 3469 plerosque
699 3379 773 3449 intt.

127 3503 166 3555 v.
183 3483 235 3550 67.
263 3482 356 3559 ’lumb
377 3478 468 3569 quod
490 3501 509 3546 a
530 3477 584 3551 cd.
598 3480 637 3546 61
660 3488 694 3543 et
715 3487 860 3565 quatuor
873 3473 1055 3567 Evangeli-

45 3578 147 3648 ariis
170 3578 294 3666 abest,
325 3589 425 3666 atquc
453 3574 554 3644 modo
586 3587 661 3643 ante
688 3579 731 3643 τῦ
751 3577 924 3672 Ναζαρηνῧ,
952 3574 1052 3642 modo

42 3689 147 3766 post
178 3667 263 3752 {aba
290 3673 418 3753 (addito
438 3671 583 3742 articulo
605 3673 671 3752 mi)
700 3672 944 3760 transponitur,
973 3669 1053 3740 mihi

44 3772 214 3864 quidem
234 3777 432 3861 suspectum
454 3784 523 3858 est,
545 3793 625 3840 cum·
645 3769 803 3858 quoniam
818 3789 836 3837 e
850 3768 1055 3858 praecedente

39 3871 208 3961 syllaba
235 3871 290 3943 tir
316 3870 414 3956 facile
440 3863 507 3943 10⁸5
535 3871 556 3936 i.
579 3891 609 3940 e.
629 3869 706 3937 Ἰησὲ
731 3865 954 3954 nascebatur,
983 3877 1055 3933 tum

39 3973 171 4059 quia,
198 3969 227 4039 si
249 3970 324 4060 quis
348 3969 530 4039 contemtui
551 3980 621 4056 est,
642 3963 933 4054 nomineproprio
949 3963 1055 4032 taceri

40 4067 171 4158 ¹solet,
191 4081 228 4138 ut
239 4069 275 4150 jn
289 4068 311 4146 l.
322 4092 352 4159 p.
360 4067 438 4138 Joh.
449 4073 501 4156 18,
511 4068 564 4138 17:
587 4063 638 4138 tal
649 4061 793 4134 ori-eloti
806 4059 953 4164 drdgrirrs
967 4061 1054 4140 ralla,
