2442 4528
81 339 171 392 error
190 336 266 388 mn.
293 331 295 338 ·
986 319 1047 392 160
1070 289 1073 292 ¹

79 477 138 542 109.
175 465 268 535 Idem
297 487 358 558 pro
386 473 575 566 amr-opii·
617 465 711 540 idem
739 463 787 562 pi
801 435 927 543 omittit
946 491 976 542 0.
1000 471 1045 545 ai‘.

77 577 133 642 v.9
149 568 214 635 aita’
230 560 278 642 iit
294 569 455 642 taurionis
473 569 568 638 abest
584 575 655 644 1⁰9.
682 591 717 642 ν.
733 575 773 640 10
788 572 806 642 t‘
820 573 857 642 Ν
870 573 1046 674 τῧ-κίῖεξ·

74 666 174 752 pridias
194 665 294 736 abest
315 666 392 737 108*
412 689 443 740 c.
465 668 509 742 al.
544 689 578 742 v.
602 674 640 737 11
666 666 706 740 τέ
725 667 821 740 abest
843 677 915 744 109.
949 691 984 748 v.
1004 679 1048 744 12

71 760 147 835 iram
164 777 213 832 ter
232 771 310 853 109,
332 765 441 856 prima
461 764 536 835 vice
558 763 659 836 etiam
680 766 716 835 in
738 767 809 839 106.
850 765 940 838 Mox
962 773 1048 858 ὁμὸν

72 864 115 938 riv
131 867 199 964 ὑπὲρ
215 867 403 953 ἤμῦνοιηῃ.
426 887 459 943 o.
475 869 492 936 1
508 875 544 935 et
559 864 644 954 plur.
665 875 733 938 utr.
754 863 798 935 cl.
833 885 865 932 va
883 869 923 934 11
944 864 992 939 tm*
1010 867 1048 940 11

67 1163 104 1228 16
120 1159 201 1228 Post
220 1161 322 1260 χαίρω
336 1173 429 1228 recte
445 1152 479 1230 ir
495 1157 661 1230 omittitur
675 1159 717 1230 ab
733 1168 804 1232 108.
820 1166 880 1234 109
895 1179 926 1237 c.
939 1157 1027 1252 plur.
1032 1207 1046 1254 ,
1063 1187 1066 1196 ’

118 1464 181 1532 nt
205 1459 335 1557 stupide
358 1456 446 1534 108*.
462 1372 780 1532 scicitantem.
820 1455 863 1528 In
882 1452 960 1530 cod.
984 1435 1046 1533 109

63 1553 155 1626 etism
167 1563 206 1628 tt
222 1558 403 1632 omittitm·.
429 1579 463 1627 v.
480 1558 500 1628 1
519 1553 671 1648 diffundet
684 1558 765 1645 ίμὲἱς
778 1569 970 1648 agnoscunt
984 1560 1049 1632 106
1098 1645 1102 1654 ‚

58 1758 203 1849 Recepta
223 1783 308 1830 vero
331 1762 498 1852 scriptura
518 1765 601 1851 ἤμὸν
626 1759 679 1834 sir
704 1763 780 1862 daig
804 1763 888 1851 opst
913 1783 993 1832 cum
1013 1783 1047 1840 c.
1070 1847 1072 1851 v

59 1862 119 1942 9,1
139 1861 251 1950 magis
274 1863 451 1950 convenit,
473 1864 533 1933 ubi
553 1863 701 1955 priorem
722 1863 900 1954 epistolam
922 1862 966 1936 ad
982 1863 1044 1932 de-

56 1955 252 2030 clarandum
287 1981 388 2030 suum
424 1983 573 2032 amorem
609 1962 644 2032 in
677 1983 737 2034 eos
771 1961 934 2050 scriptam
966 1981 1045 2034 csse

56 2057 213 2133 ostendit.
250 2059 419 2128 Praeterea
440 2061 470 2129 si
494 2082 570 2130 cnm
593 2064 637 2131 cl.
659 2081 709 2130 or.
733 2057 893 2130 etMillio
914 2059 1047 2131 facere-

53 2177 143 2246 mus‚
165 2156 282 2246 potius
303 2153 379 2256 ogit
395 2159 475 2246 ipsis
495 2159 598 2230 scribi
613 2169 802 2250 oporteret,
822 2156 917 2250 quod
931 2170 1046 2232 tamen

52 2251 86 2320 in
112 2253 199 2325 solis
231 2253 364 2326 duobus
387 2256 488 2331 codd.
509 2260 688 2350 reperitur.
731 2249 850 2350 Pergit
869 2257 1045 2346 apostolus

51 2367 225 2424 commate
255 2354 427 2444 proximo:
458 2369 596 2446 propter
622 2367 780 2428 nostrum
808 2355 958 2426 studium
980 2377 1046 2446 pro

53 2450 148 2522 vobis
170 2453 436 2543 integerrimum
459 2453 530 2537 (nt
542 2456 631 2536 odio)
651 2475 670 2524 e
690 2452 812 2524 solatio
832 2455 949 2525 v‘estro
971 2454 1045 2544 ipse

49 2548 211 2620 solatium
243 2552 390 2641 percepi.
436 2551 653 2644 Quapropter
679 2553 784 2622 verba
805 2551 859 2643 *iai
877 2562 920 2648 τῇ
938 2585 1047 2658 παρα..

45 2650 144 2720 anim
161 2653 253 2738 ὁμὸν
275 2671 347 2716 non
369 2669 448 2718 cum
465 2651 874 2746 sequentibusiungenda
886 2665 985 2744 sunt,
1005 2664 1045 2726 ut

46 2769 234 2838 perperam
256 2746 364 2820 estin
386 2746 429 2819 cl.
450 2771 525 2820 occ.
547 2750 648 2828 codd.
1111 2775 1115 2784 ·

102 2959 136 3036 1.
165 2957 334 3051 digne-dm
350 2963 446 3052 ἐμαῖς,
469 2984 541 3051 que
555 2984 575 3032 a
588 2961 740 3054 pluribus
753 2974 820 3038 utr.
835 2959 879 3038 ol.
893 2961 993 3033 codd.
1008 2973 1044 3036 et

28 3057 118 3132 intt,
148 3061 406 3149 comprobante
430 3059 564 3133 Griesb.
587 3062 726 3150 obsunt,
749 3083 833 3132 casu
860 3061 1043 3153 antiquitus

42 3158 227 3229 exordisse
255 3159 388 3248 potius,
418 3181 522 3250 quam
548 3157 593 3229 de
614 3159 784 3230 industria
804 3157 1042 3249 explicationis

38 3259 152 3350 gratia
176 3257 300 3329 addita
321 3279 397 3328 esse
419 3269 513 3348 puto.
554 3257 641 3326 Item
662 3255 1043 3346 Eph.s,1tram.1as.

39 3356 183 3447 Νξασθι
206 3355 336 3431 omisit.
379 3355 501 3448 Neque
521 3355 634 3426 minus
655 3354 797 3429 Philem.
812 3363 855 3424 19
872 3365 1043 3456 epactam,

36 3457 135 3548 quod
158 3455 370 3546 neutiquam
387 3456 507 3525 abesse
521 3466 653 3544 potest,
675 3453 710 3522 in
727 3452 856 3544 aliquot
869 3456 1042 3526 veteribus

35 3554 267 3624 documentis
290 3552 334 3627 cl.
356 3573 430 3626 occ.
452 3551 676 3628 desideratur.
711 3553 825 3622 Causa
846 3551 1042 3626 omissionis

33 3666 154 3744 patet,
185 3651 274 3742 quia
295 3649 426 3721 scilicet
446 3649 572 3720 librarii
594 3649 821 3720 occidentales
842 3649 962 3720 crebro
984 3669 1043 3718 ort-

34 3751 155 3820 dinem
178 3749 370 3818 verbornm
390 3747 617 3830 inverterunn
638 3748 730 3818 unde
751 3745 882 3834 evenit,
903 3758 942 3816 ut
963 3767 1038 3838 quae

32 3871 55 3918 a
76 3847 288 3939 posteriore
309 3867 451 3918 censore
473 3844 583 3916 alieno
605 3849 895 3938 iocoexpuncts,
919 3855 955 3912 ct
974 3864 1039 3915 suc

30 3967 143 4038 snper
175 3942 277 4016 linea
302 3945 429 4036 scripta
457 3957 573 4035 crunt,
598 3943 758 4036 deinceps
779 3945 822 4015 ab
843 3940 981 4014 incertis
1000 3941 1044 4014 ti-

30 4046 165 4124 brariis
187 4042 337 4114 omnino
357 4042 593 4128 obiicerentur.
628 4041 706 4116 Nec
724 4040 850 4116 desunt
863 4039 974 4128 ,nujus
990 4044 1043 4118 rei
