2480 4528
94 255 97 264 Ι
203 293 266 363 218
869 309 917 362 no
931 288 1182 366 sumturum

202 438 367 531 delapsis,
400 437 618 526 exciderunt,
650 439 693 508 ob
725 437 835 528 ipsum
863 436 953 514 banc
986 436 1184 510 facilitatem

205 538 394 610 omissionis
411 542 521 608 minus
537 538 637 608 dubia
650 549 745 619 sunt,
763 559 864 628 quarn
880 537 1014 628 Grotio,
1030 537 1184 628 Griesb.,

137 715 140 728 y
203 636 412 726 Fritzscbio,
433 635 556 706 Vatero
578 648 613 702 et
633 629 792 704 Schulzio
812 633 995 705 videbatur.
1040 635 1111 704 Sed
1130 660 1186 709 eo-

201 755 277 804 rum
299 734 455 807 interitus
477 747 511 805 et
530 733 768 826 redintegratio
790 745 885 804 certe
906 733 1183 824 transpositionis

203 845 405 910 commatum
429 841 468 904 ts
489 845 524 900 et
545 834 583 903 tl
611 832 645 900 in
673 831 841 902 veteribus
869 832 961 904 libris
985 853 1094 902 causa
1115 832 1184 902 fuit

201 929 357 1020 Vulgaris
380 929 464 1000 ordo
485 930 615 1009 Erasmi
638 941 673 998 et
690 929 944 1020 Elzevirorum,
965 939 1003 998 ut
1024 951 1045 998 a
1067 929 1186 1020 paucis

201 1027 276 1098 cdd
299 1029 589 1116 subministratus,
613 1050 633 1096 a
649 1025 781 1102 Griesb.
796 1040 831 1097 et
847 1026 1003 1098 Scholzio
1023 1029 1115 1099 bene
1130 1027 1187 1100 de·

200 1126 339 1198 relictus
369 1139 432 1198 est.
474 1126 509 1198 Si
537 1138 736 1196 contextum
762 1126 942 1216 respicias,
969 1148 1052 1198 sanc
1083 1127 1186 1196 verba

201 1224 245 1294 de
272 1225 466 1297 exclusione
497 1247 641 1320 eregno.
669 1223 831 1310 coelorum
860 1238 895 1294 et
923 1224 965 1294 dc
985 1225 1185 1316 perquisitis

200 1324 378 1415 proselytis
395 1325 480 1394 bene
495 1345 572 1394 sese
588 1322 780 1412 excipiunt,
795 1344 862 1414 quo
879 1322 995 1392 ordine
1012 1343 1033 1392 a
1049 1323 1184 1401 Griesb.

201 1422 395 1493 edebantur.
416 1465 456 1480 -
482 1423 612 1493 Ibidem
639 1426 792 1511 solante
815 1417 959 1519 epodon
980 1441 1064 1489 eum
1086 1419 1142 1490 bic
1160 1443 1180 1490 a

200 1523 347 1614 quinque
371 1520 446 1595 cdd.
462 1523 535 1607 Syr.
551 1535 585 1612 et
599 1525 712 1608 Arm,
732 1530 804 1587 turn
818 1518 887 1586 inl.
904 1541 937 1609 p.
952 1518 1068 1592 Marc.
1084 1526 1136 1606 12,
1147 1521 1184 1588 lo

202 1639 259 1688 an
276 1620 349 1706 Syr.
364 1621 459 1688 Arm.
474 1619 516 1689 It
532 1619 609 1713 Vlg.
628 1631 721 1688 recte
744 1619 856 1704 abest,
878 1617 1051 1686 invectum
1071 1617 1182 1708 eLuc.

200 1723 312 1808 20,47,
326 1719 385 1788 ubi
398 1719 524 1788 rectius
539 1719 626 1788 inter
642 1717 708 1788 duo
722 1718 825 1786 verba
838 1715 933 1785 linita
944 1715 1181 1806 interponitur.

261 1841 358 1905 v.19.
385 1829 482 1999 μοξοὶ
498 1834 551 1904 aa!
568 1855 588 1902 c
609 1837 696 1908 v.17
718 1828 915 1923 repetitum,
935 1841 1030 1898 recte
1049 1829 1183 1902 abesto

200 1951 276 2000 nez
300 1938 328 2000 1.
351 1940 411 2006 209
458 1928 774 2022 ax.vtg.odd.1n
797 1932 800 1944 ’

259 2050 293 2104 v.
307 2033 358 2102 25.
383 2029 544 2128 deperiet,
565 2029 655 2118 quod
674 2027 807 2102 Griesb.
826 2025 861 2096 in
880 2027 995 2103 oidelae
1018 2025 1184 2114 mutavit,

72 2167 77 2188 ·
200 2149 223 2196 e
240 2126 283 2202 cl.
305 2148 379 2198 occ.
400 2138 610 2218 reponatur„
633 2123 751 2196 Plures
782 2124 869 2194 enirn
894 2127 1013 2216 glossa
1032 2123 1183 2226 insag-

197 2227 260 2303 cicr
279 2225 314 2293 ln
335 2225 385 2294 66.
401 2227 454 2313 71,
472 2221 638 2314 πλισνιξίας
658 2223 693 2291 in
715 2245 764 2308 M,
784 2223 919 2322 meropius
940 2219 975 2288 in
996 2219 1122 2289 Matth.
1143 2243 1181 2290 m

141 2341 142 2344 ’
197 2329 260 2401 (ex
279 2321 302 2397 l.
315 2346 347 2412 p.
362 2322 443 2400 Luc.
454 2331 510 2411 11,
523 2326 583 2404 39)
605 2319 809 2410 probabilius
831 2313 996 2388 vocabulo
1016 2318 1181 2417 iugula,

197 2419 291 2512 quod
308 2419 385 2488 alibi
400 2418 435 2487 in
449 2444 481 2488 n.
496 2418 537 2488 T.
554 2419 659 2493 semel
674 2430 804 2487 tantum
826 2425 842 2484 1
861 2418 937 2490 Cor.
951 2418 973 2489 7
974 2465 986 2502 ,
1000 2422 1023 2486 5
1043 2415 1182 2508 legitur,

197 2530 233 2586 et
253 2519 293 2587 ab
315 2530 453 2587 auctore
469 2515 581 2606 Etym.
598 2515 648 2587 M.
670 2513 870 2604 explicatur,
892 2535 992 2606 quam
1016 2515 1099 2584 voci
1120 2513 1181 2583 tri·

196 2613 328 2686 ussine
347 2615 461 2693 dilsr‘ee
479 2613 778 2684 substituebantur.

140 2741 142 2748 ’
263 2736 296 2781 v.
311 2716 362 2785 26.
391 2713 503 2782 Verba
527 2712 579 2784 nol
602 2716 653 2790 'rie
676 2712 859 2811 stapedidoe,
888 2733 957 2802 quae
977 2733 998 2780 a
1020 2732 1045 2779 1)
1071 2717 1102 2782 1.
1117 2717 1179 2784 209
1230 2759 1231 2764 1

196 2809 260 2880 En.
273 2818 313 2878 21
328 2808 497 2880 Clemente
518 2808 605 2878 alex.
620 2809 745 2879 Irenaeo
767 2810 910 2898 absunt,
931 2830 971 2878 ec
985 2807 1102 2879 minus
1116 2807 1180 2878 ‹lu-
1230 2819 1231 2854 1

196 2907 280 2992 bito,
302 2905 384 2997 quin
406 2926 425 2975 e
441 2929 472 2981 v.
487 2911 529 2975 25
549 2905 650 3000 vulgo
665 2915 781 2978 assuta
794 2907 880 2998 sint,
900 2905 990 2999 quod
1005 2907 1092 2982 sri'lsi
1104 2905 1179 2976 loco

196 3005 292 3080 attur
312 3027 382 3073 non
401 3004 512 3075 solum
533 3004 566 3072 in
588 3027 610 3072 o
628 3013 665 3092 1,
685 3004 746 3074 sed
768 3004 867 3074 etiam
887 3005 921 3073 in
941 3003 982 3073 ta*
1002 3015 1038 3072 et
1059 3002 1181 3096 viginti

195 3103 327 3173 duobus
354 3102 425 3174 aliis
457 3101 533 3172 cdd.
556 3115 675 3174 exstet.
716 3103 761 3172 Hi
781 3120 863 3171 vero
885 3122 1004 3171 omnes
1025 3104 1111 3178 acts
1129 3102 1179 3170 le·

194 3215 314 3293 gentes
336 3201 489 3292 primitus
509 3201 573 3270 ista
593 3199 698 3270 verba
720 3200 869 3272 abfuisse
890 3213 1051 3293 arguunt.
1090 3201 1180 3271 Ean·

196 3299 274 3367 dem
294 3299 457 3368 rationem
473 3301 545 3380 jam
565 3297 693 3367 Millius
715 3311 749 3367 et
771 3297 901 3371 Griesb.
923 3297 958 3368 in
978 3301 1118 3373 Comm.
1131 3322 1178 3374 cr.

194 3415 229 3484 p.
245 3397 283 3464 16
303 3395 418 3467 iniisse
439 3395 549 3468 video.
588 3395 794 3466 Fritzschins
823 3417 904 3466 vero
930 3398 966 3465 in
987 3396 1121 3466 Matth.
1143 3419 1177 3486 p.

193 3490 276 3580 681,
295 3494 508 3584 nescioqui,
534 3494 676 3564 servatis
698 3494 809 3566 verbis
830 3494 882 3566 nel
898 3497 948 3572 rie
963 3523 1010 3562 nn
1032 3498 1112 3585 od„
1131 3507 1181 3563 ta-

192 3610 272 3662 men
293 3591 371 3665 evii
389 3591 555 3680 scribere,
575 3593 609 3662 in
631 3614 739 3683 eoque
759 3593 955 3682 pronomine
978 3521 1030 3662 ad
1041 3591 1084 3666 no*
1096 3593 1177 3670 mle

192 3718 257 3795 geor
280 3699 408 3756 tantum
427 3689 616 3777 pertinente
639 3689 838 3782 elegantiam
853 3689 1023 3780 quandam
1039 3688 1178 3760 odorari

191 3783 356 3878 potuerit!
390 3784 463 3853 Imo
492 3788 599 3880 arguti
625 3787 679 3856 vel
699 3788 897 3881 negligentis
920 3799 1032 3877 esset,
1062 3787 1109 3858 de
1127 3787 1177 3855 in·

192 3895 289 3960 ¹terna
308 3895 404 3974 parte
424 3884 536 3972 poculi
556 3899 592 3954 et
610 3887 747 3978 patine,
768 3886 811 3958 de
832 3899 974 3958 externa
988 3897 1109 3955 autem
1121 3906 1176 3958 sc-

193 3977 257 4057 ltus
277 3981 389 4070 poculi
411 3980 593 4054 disserere.
