2474 4528
183 323 244 400 211
472 335 485 342 “
854 346 1167 400 annumerantur

237 587 308 658 us.
329 581 427 660 dudda
440 575 521 657 adid
535 579 617 672 legit
630 577 755 656 eloco.
771 583 831 662 (nu
847 587 926 656 1033
942 579 1036 675 Orig.
1047 581 1168 672 Ten),

183 681 273 774 quod
288 685 404 752 neseio
419 679 464 750 ¹an
479 681 604 749 rectius
620 681 682 768 sit,
696 701 774 751 oum
788 682 811 750 l.
827 705 861 772 p.
874 682 981 751 Maro.
993 692 1026 770 9,
1041 685 1064 754 7
1093 685 1168 756 Luc.

182 793 213 871 9,
228 787 269 852 35
290 781 333 850 ad
354 780 506 849 ordinem
534 779 732 848 mutandum
757 781 971 850 occasionem
1001 781 1168 855 dederint.

243 903 276 948 v.
290 885 341 948 21.
369 877 542 963 Advorte,
561 876 628 944 hoo
648 899 799 967 somma,
822 882 920 962 eujus
942 879 1095 962 adjectio
1119 882 1171 955 el.

181 991 217 1070 ρ.
231 978 343 1048 Maro.
357 985 389 1066 9,
405 985 445 1050 29
466 975 573 1044 facilis
595 988 631 1043 et
643 976 749 1048 victui
763 977 1008 1048 monachorum
1026 1001 1170 1050 exaran-

181 1081 266 1148 tium
281 1086 511 1145 consentanea
525 1073 608 1163 fuit,
625 1086 744 1144 conus
765 1075 862 1157 cujus
878 1075 1058 1151 omittendi
1071 1099 1171 1148 eausa
1233 1099 1234 1138 1

181 1174 275 1246 nulla
294 1173 515 1266 perspicitur,
537 1195 557 1240 a
578 1177 667 1264 Syro
686 1171 774 1242 hier.
797 1173 1043 1266 Sabid„Oopto
1072 1176 1170 1246 Aeth.
1231 1145 1234 1244 l

40 1353 55 1368 ,
180 1297 249 1345 uno
271 1295 291 1343 e
312 1271 389 1342 odd.
410 1273 453 1342 lt
476 1283 510 1340 et
531 1269 607 1339 edd.
629 1291 680 1362 gr.
700 1279 720 1338 n'
740 1277 782 1340 33
802 1270 972 1364 ignorari,
1003 1273 1171 1360 probante

181 1373 304 1447 Minio.
339 1371 491 1464 Vestigia
511 1367 625 1440 Marci
645 1367 782 1458 propius
804 1379 994 1460 sequuntur
1013 1369 1169 1439 nonnulii
1232 1391 1234 1442 t

183 1472 280 1561 odd,
315 1468 461 1571 ἔξίςχθαι
489 1489 551 1558 pro
580 1468 756 1566 tnnogrdtlaee
788 1465 998 1537 exhibentes.
1050 1465 1111 1537 Ne
1138 1470 1170 1536 in

183 1571 304 1640 Marco
318 1579 351 1658 9,
366 1579 406 1642 29
430 1563 566 1664 quidem
585 1567 691 1634 verba
712 1562 766 1634 uel
783 1566 904 1653 ras-rie,
932 1589 1004 1657 quae
1025 1587 1047 1634 a
1072 1585 1094 1634 n
1118 1567 1171 1636 ab·

183 1679 262 1738 sunt
283 1678 318 1736 et
338 1667 378 1734 ab
394 1665 469 1734 intt.
485 1661 654 1736 nonnullis
673 1675 950 1753 transponuntur,
972 1663 1058 1734 satis
1076 1665 1172 1733 firma
1233 1733 1234 1750 2

184 1777 281 1854 sunt,
309 1775 425 1855 utpote
446 1760 598 1852 placitis,
629 1781 700 1854 qua
720 1758 797 1832 Gbr.
818 1759 898 1831 alibi
918 1760 1099 1851 professus
1124 1775 1172 1831 est
1233 1785 1234 1796 ¹

184 1865 289 1954 (11.9,
309 1864 357 1933 11.
380 1870 504 1950 11,19.
527 1865 748 1950 15,11.17),
774 1879 895 1950 parum
923 1860 1172 1931 convenientia.

184 1961 308 2032 Itidem
331 1970 346 2029 1
365 1962 445 2031 Cor.
465 1965 499 2050 7,
520 1965 541 2030 5
562 1959 671 2044 jejuni
697 1957 855 2030 monaehi
877 1959 1041 2053 verbani
1067 1963 1173 2046 rande

185 2080 263 2130 oum
288 2064 436 2165 προςευχξῐ
463 2062 694 2150 conjunxere,
721 2059 781 2129 ubi
802 2059 876 2142 jam
905 2058 1039 2130 Griesb.
1064 2060 1171 2130 Paulo

185 2181 284 2248 opem
306 2158 391 2234 tulit.
434 2159 648 2254 Quamquam
669 2179 738 2227 non
757 2157 883 2228 infitias
904 2175 966 2247 eo,
992 2157 1172 2250 antiquam

183 2253 363 2328 eeclesiam
381 2275 459 2328 oum
475 2259 630 2350 precibus
646 2251 853 2328 solemnibus
865 2254 994 2340 jejunia
1007 2253 1170 2348 frequen·

182 2358 714 2446 tmummmammt

245 2473 279 2529 v.
294 2455 345 2526 26.
373 2455 513 2555 susten
533 2453 624 2525 dele:
654 2455 750 2525 abest
769 2473 790 2521 a
810 2455 898 2552 SW’
917 2449 1004 2520 hier.
1027 2451 1076 2528 el.
1099 2453 1171 2528 intt.

184 2571 236 2620 an
258 2564 293 2622 et
306 2549 384 2644 cyr.
403 2551 492 2626 alex.
528 2551 643 2622 Simile
663 2549 819 2636 scholion
838 2549 974 2620 refersit
993 2550 1171 2642 Pesohito,

183 2651 282 2739 Σίμων
301 2649 377 2720 loco
398 2649 540 2754 inligat
561 2649 737 2721 exhibens.

173 2916 178 2928 ·
247 2890 279 2944 v.
294 2867 324 2939 7.
351 2872 459 2962 butio,
481 2870 573 2964 quod
594 2894 615 2942 a
635 2870 678 2943 el.
700 2891 774 2940 ooo.
796 2869 909 2961 abest,
931 2865 1104 2940 familiare
1122 2881 1170 2939 est

185 2963 365 3058 Matheo,
389 2969 444 3038 oui
465 2987 485 3039 a
505 2967 675 3040 nonnullis
697 2966 773 3038 edd.
796 2969 874 3037 alibi
896 2989 1036 3060 quoque
1061 2969 1170 3038 detm-

185 3077 277 3136 otum
298 3077 363 3137 est:
393 3064 435 3141 cl.
451 3089 483 3143 v.
498 3073 547 3139 27.
564 3073 604 3138 28
627 3090 656 3136 o.
671 3070 703 3159 7,
718 3074 770 3144 25.
784 3075 835 3142 27.
858 3075 918 3160 22,
931 3073 963 3146 7,
981 3076 1034 3144 10.
1056 3074 1101 3138 21
1107 3120 1119 3158 ,
1132 3069 1170 3138 16

183 3167 630 3258 mmmammm
931 3171 942 3196 ·

251 3287 281 3334 v.
296 3273 349 3340 11.
376 3265 488 3336 Abest
514 3265 582 3336 hoo
610 3285 745 3336 comma
770 3289 792 3336 a
819 3269 906 3359 Syro
934 3263 1025 3336 hier.
1054 3265 1169 3339 Sabid.

184 3363 291 3454 Copto
313 3386 380 3432 uno
402 3363 477 3437 edd
498 3361 541 3438 lt.
557 3361 651 3458 Orig.
666 3363 761 3442 Hier.
800 3361 1019 3458 sn*1*(qui
1040 3377 1169 3436 tantum

183 3459 217 3529 in
238 3481 343 3554 marg.
364 3459 495 3554 liquore
513 3463 617 3532 rubro
640 3463 803 3556 seriptum
824 3457 941 3546 habet)
967 3467 1020 3537 13.
1038 3471 1094 3554 33,
1115 3487 1170 3533 eo-

183 3580 251 3653 que
275 3563 384 3631 minus
407 3558 645 3651 dubitandum,
667 3562 747 3654 quin
763 3585 781 3632 e
796 3564 878 3634 Lue.
895 3571 946 3651 19,
962 3565 1004 3632 10
1026 3575 1170 3631 contex-

178 3651 238 3729 ¹tus
269 3679 372 3726 eausa
401 3658 564 3729 insertum
591 3659 654 3750 sit,
687 3660 779 3752 quod
810 3659 1001 3752 complures
1032 3659 1112 3734 edd.
1135 3671 1169 3725 et

182 3759 276 3847 into,
298 3755 440 3837 adjectis
463 3757 571 3844 ζηῒιῖσω
588 3759 643 3828 καί
656 3770 734 3827 ante
749 3759 856 3840 odeat,
878 3755 1008 3828 Lucam
1031 3757 1076 3827 ad
1096 3777 1169 3824 ver-

180 3857 261 3924 bum
277 3855 516 3946 expresserint.
545 3853 758 3927 versiculum
773 3857 1022 3929 damnaverunt
1034 3855 1166 3926 Griesb.

182 3953 311 4026 eonm.
328 3975 374 4025 or.
391 3955 511 4045 p.tl9‚
532 3955 654 4027 Paulus
671 3969 705 4025 et
719 3953 920 4042 Kuinoelius,
938 3951 1092 4025 defendit
1105 3976 1167 4022 nu·

183 4071 244 4136 per
256 4051 462 4126 Fritzsohius
484 4075 517 4142 p.
531 4055 605 4142 576,
625 4053 806 4134 levissimis
830 4053 1040 4150 argumentis
1063 4051 1162 4124 addu-

969 4165 1062 4241 ew,

1218 4227 1229 4484 l
